2700 4800
219 361 268 444 44
493 366 532 431 C.
559 363 725 432 PLINII
755 362 859 430 ΝΑΤ.
886 364 1019 432 HIST.

220 492 351 589 lingue,
369 507 407 562 ut
421 496 464 565 sit
484 511 620 566 exorata
638 519 658 563 a
681 482 808 590 tergo²⁸
829 498 978 565 Fortuna
998 493 1111 589 gloriar
1132 498 1293 567 cnmifex.

219 688 249 722 sc
258 668 456 734 conditionem,
466 689 525 742 que
536 671 668 742 triumphi
677 670 732 740 glo·
776 683 866 742 tergo,
886 671 998 741 Respice
1013 683 1073 742 post
1089 683 1130 736 te,
1147 670 1295 725 Hominem

217 747 257 801 ria
266 760 293 800 et
301 747 448 803 honoribus
457 750 631 814 elata,deum
644 764 732 804 tamen
775 760 801 802 te
825 762 966 803 memento.
979 776 990 798 ι
1018 750 1114 802 Nullus
1133 750 1180 804 bic
1201 769 1295 805 servus

217 828 310 882 currui
320 846 371 882 suo
383 831 531 901 subjectum
544 840 571 884 et
582 829 738 902 pendulum¹
774 829 899 899 publicus
923 821 981 897 (sic
996 830 1068 882 enim
1085 830 1223 884 Juveueiis
1243 836 1294 902 tp·

217 907 320 962 hebet:
343 908 395 961 uisi
414 911 475 983 quis
497 911 572 964 malit
585 909 619 964 sd
636 913 732 965 trium·
775 910 870 979 pellat,
887 912 942 963 Set.
966 928 1015 972 ro,
1031 928 1099 963 vers.
1123 916 1174 976 4¹3
1190 908 1292 966 Isidor.

217 989 358 1058 phuntIum
374 1007 477 1042 morem
492 993 605 1050 referre,
633 991 732 1062 quibus
775 989 867 1060 Origg.
877 990 983 1053 XVIII,
996 989 1184 1055 a,carnifice.m
1193 981 1293 1059 vocet),

217 1066 358 1137 quidama
384 1081 457 1140 tergo
484 1083 566 1135 stans,
582 1068 730 1123 identidem
774 1070 877 1132 nuilus,
894 1069 1080 1140 inquam,qui
1091 1069 1186 1140 jubent
1200 1069 1294 1122 trium·

216 1147 347 1200 elimabat
360 1161 387 1202 et
409 1149 574 1202 inculcabat:
590 1177 601 1198 ι
619 1151 731 1221 Respice
774 1148 886 1218 pbantes
897 1148 1030 1219 respicere
1040 1149 1186 1214 fascinum,
1197 1164 1294 1203 cavere

215 1227 727 1298 postte‚bominemteessemementc.·
774 1229 825 1280 sibi
852 1248 866 1281 a
893 1228 993 1282 fascino
1014 1226 1210 1291 invidentium,
1234 1246 1293 1300 quo

217 1306 361 1379 Septimius
374 1308 484 1361 Fioreus
499 1309 526 1361 in
541 1311 619 1380 Apol.
641 1308 730 1364 tthod.
773 1307 926 1361 labefactari
957 1319 1013 1361 totu
1042 1307 1176 1379 triumphi
1207 1310 1293 1380 glorie

216 1385 263 1440 lib.
277 1388 332 1450 ΙΙΙ,
344 1406 402 1458 cap.
417 1407 444 1458 7.
458 1389 474 1441 J
478 1391 580 1442 utensi.
592 1402 674 1461 satyr.
692 1407 729 1459 9:
773 1399 871 1458 potest.
883 1386 994 1440 Servum
1007 1405 1022 1440 a
1033 1400 1107 1458 tergo
1121 1388 1294 1459 triun'rpban·

220 1490 233 1513 ι
255 1485 462 1539 ···magureque
484 1481 589 1522 corone
613 1471 730 1523 Tantum
773 1467 807 1520 tis
819 1486 946 1520 coronam
956 1467 1110 1521 sustinuisse
1121 1466 1223 1521 Plinius
1234 1469 1293 1540 ipse

217 1546 328 1611 orbem,
342 1560 446 1618 quanto
460 1550 549 1602 cervix
563 1566 618 1601 nou
632 1549 731 1603 sufficit
773 1559 865 1600 auctor
886 1561 941 1612 est,
963 1547 1101 1609 XXXIII,
1121 1553 1148 1611 4.
1163 1547 1293 1602 Meminit

216 1625 280 1679 ulia.
289 1626 399 1698 Quippe
410 1638 481 1680 tenet
494 1627 590 1682 sudeus
602 1629 731 1702 huncpu·
773 1627 883 1699 hujusce
903 1626 985 1679 moris
1003 1640 1029 1679 et
1046 1628 1159 1680 Taetzes
1172 1624 1291 1683 Chiiiad.

216 1705 320 1770 biicus,
334 1720 359 1760 et
380 1707 429 1759 sibi
444 1708 536 1760 consui
550 1709 591 1761 Ne
610 1709 731 1780 placeat,
773 1707 857 1770 XIlI,
871 1705 938 1760 Hist.
950 1711 1019 1772 tur,
1029 1726 1056 1760 v.
1070 1706 1116 1773 ὄπ,
1127 1705 1175 1761 sed
1187 1706 1291 1780 adjecta

217 1787 730 1857 curruservusportatureodcm.»‘Dr·
773 1787 880 1840 t'abula:
900 1787 951 1840 rtet
972 1793 1026 1847 πῶς
1047 1786 1088 1840 nrt
1110 1792 1153 1839 τοῦ
1177 1789 1290 1860 ἅρματος

216 1882 278 1918 arc.
290 1865 440 1919 -Sr'milis.
454 1858 515 1920 Non
529 1866 594 1921 dicit
606 1869 684 1923 aliam
694 1870 730 1922 si·
772 1862 891 1938 δημόσιος
906 1866 1000 1928 οἰκέτης
1009 1855 1117 1922 detorsi
1130 1867 1219 1920 sciren
1232 1868 1291 1929 iee-
1323 1906 1328 1913 -

216 1945 328 2012 mitem,
343 1946 390 1999 sed
406 1948 474 2000 hanc
493 1948 594 2019 ipsam,
612 1949 664 2002 hoc
676 1961 730 2015 est,
772 1967 815 1999 ται
830 1949 871 2000 rbi
887 1948 990 2016 ciperon
1012 1949 1119 2014 ἀνΙχων,
1139 1944 1191 2000 ltsi
1211 1950 1290 2019 λέγων

217 2023 358 2079 Fascinum
366 2027 451 2097 ipsum
461 2068 468 2091 ,
479 2028 569 2080 currui
581 2046 729 2100 appensum
773 2029 852 2097 τούτῳ
873 2029 933 2097 πρὸς
954 2028 981 2081 τὸ
996 2022 1036 2088 οὖς
1051 2027 1093 2080 καὶ
1113 2029 1158 2092 τὸ,
1174 2028 1290 2081 Kurdnnr

217 2105 459 2177 triumphantium,
479 2106 602 2160 similiter
615 2123 729 2161 ventose
774 2103 860 2172 βλέπε.
878 2133 889 2154 ι
901 2106 937 2159 Et
948 2104 1085 2177 quomodo
1099 2105 1128 2158 in
1143 2110 1226 2159 currit
1239 2126 1293 2180 pu·

217 2202 311 2238 eorum
328 2187 423 2257 lingue
437 2186 539 2241 mederi
551 2191 643 2260 :jubet
658 2189 729 2241 enim
772 2186 861 2239 biicus
874 2186 993 2239 minister
1008 2205 1077 2258 pone
1091 2184 1165 2239 bunc
1178 2199 1230 2240 stet
1243 2206 1290 2241 co·

217 2282 263 2317 eos
275 2264 430 2319 devictoris
445 2286 490 2319 sua
504 2268 595 2332 silere,
610 2279 728 2320 tantum·
772 2285 866 2319 ronam
880 2266 1027 2330 sustinens,
1042 2277 1069 2319 et
1079 2264 1170 2319 diceus
1181 2267 1207 2325 ei
1217 2266 1290 2321 istud

217 2345 308 2415 quein
322 2364 348 2399 se
362 2347 495 2418 recipere,
504 2349 558 2401 sive
567 2366 657 2401 curam
670 2366 728 2401 eam
772 2346 919 2400 inaurem:
935 2347 958 2396 A
970 2360 1044 2417 tergo
1056 2346 1167 2418 respice.
1178 2372 1189 2393 ι
1204 2346 1288 2400 lubet.

216 2425 364 2496 suscipere,
375 2440 404 2478 ut
414 2427 558 2480 Fortunam
567 2429 728 2499 subsequen·
772 2424 927 2479 Perturbsta
940 2426 1070 2479 hactenus
1082 2426 1164 2498 bujus
1178 2426 1231 2480 loci
1246 2428 1290 2481 iu·

217 2515 271 2555 tem
288 2523 362 2575 reque
383 2507 526 2578 propitiam
541 2509 727 2579 experiuntur,
773 2506 944 2578 terpunctio,
959 2524 1065 2558 crucem
1083 2506 1141 2558 fixit
1155 2505 1290 2579 iuterpre-

217 2600 248 2636 nc
262 2582 312 2638 tuit
324 2597 417 2639 entes:
432 2585 498 2640 dent
511 2606 634 2657 operam,
650 2608 684 2641 ne
694 2589 728 2640 ab
773 2585 860 2645 tibus,
875 2585 1043 2657 criticisque,
1059 2584 1203 2649 Turnebo,
1218 2587 1291 2640 Rho·

215 2662 336 2729 invidie,
360 2666 406 2737 qui
430 2668 531 2719 nemini
556 2667 668 2732 desunt,
696 2667 729 2721 de
773 2664 881 2737 digino,
913 2665 1100 2735 Dalecampio,
1125 2666 1289 2739 ceterisque.

214 2743 314 2816 adepto
325 2744 416 2816 glorie
431 2746 548 2800 culmine
561 2745 729 2818 dejiciantur.
775 2746 818 2799 Sic
834 2747 906 2798 euim
926 2745 1082 2815 legebatur:
1099 2745 1217 2818 Iubetque
1235 2766 1290 2799 eer-

215 2824 284 2879 Nam
294 2842 343 2897 per
352 2842 397 2878 eos
407 2843 475 2896 sepe
484 2827 601 2879 Fortuna
611 2829 729 2897 priorem
775 2827 828 2877 dem
839 2830 949 2896 serpere.
963 2825 1007 2877 Sic
1020 2824 1113 2894 utique
1123 2824 1186 2878 libri
1196 2836 1292 2881 omues

213 2903 325 2975 gloriam
339 2906 443 2977 jugulat
456 2919 482 2959 et
496 2906 650 2976 exstinguit.
668 2909 731 2962 Herc
775 2906 874 2958 habent
896 2905 971 2958 MSS.
993 2917 1019 2957 et
1040 2902 1105 2957 editi
1130 2918 1190 2958 ante
1210 2907 1291 2960 Deie-

215 2987 330 3054 geuuina
343 2985 424 3039 Plinii
436 2987 564 3042 cententio
575 2998 622 3039 est.
635 2987 731 3041 Nullus
775 2986 908 3057 compium
921 3021 929 3047 ,
951 2984 998 3056 qui
1018 2984 1120 3055 primus
1139 2986 1291 3056 rescripsit,

214 3062 260 3116 bic
270 3083 361 3118 servus
370 3080 416 3120 aut
426 3067 559 3130 carnifex,
572 3085 651 3137 quem
664 3086 732 3120 uon·
775 3066 905 3136 respicere(
913 3065 977 3117 Mox
989 3084 1059 3117 nova
1070 3065 1189 3119 institute
1203 3067 1292 3137 perio·

215 3144 282 3196 uuili
294 3145 515 3219 confinxere3qui
528 3166 542 3200 a
554 3158 628 3218 tergo
638 3148 731 3200 trium-
775 3144 827 3208 do,
848 3145 940 3198 Similis
964 3146 1079 3196 medicina
1099 3145 1209 3214 lingua:
1229 3164 1291 3218 que

215 3222 323 3293 phautis
360 3224 514 3291 adsisteret,
552 3239 730 3298 moneretque
774 3223 878 3278 divulsa
891 3226 991 3278 nullam
1001 3224 1167 3294 probabilem
1183 3225 1291 3281 efficere

214 3300 376 3369 identidem,
392 3319 422 3357 ut
438 3324 465 3359 sc
481 3307 569 3378 ipsum
586 3324 729 3375 cognosce·
774 3305 929 3360 sententiam
960 3315 1071 3376 queunt.
1104 3303 1182 3356 Libri
1207 3304 1288 3359 etiem

214 3396 272 3446 ret,
299 3403 333 3435 ne
360 3396 431 3438 tanta
459 3386 544 3456 gloria
571 3387 728 3458 superbiret.
774 3405 880 3441 omues.
895 3384 1063 3454 conspirante
1077 3401 1291 3450 consensu,car··

212 3462 328 3516 Tertuil.
348 3463 376 3516 iu
390 3464 467 3534 Apol.
484 3485 543 3537 cap.
560 3468 613 3532 33,
628 3483 656 3535 p.
674 3468 727 3519 28:
773 3469 840 3533 nisce
860 3464 1003 3526 exhibent,
1024 3460 1054 3514 id
1074 3463 1148 3534 quod
1162 3464 1219 3534 ipsa
1235 3465 1290 3519 loci

218 3541 302 3595 «Non
328 3543 399 3595 enim
424 3544 511 3596 Deum
537 3546 727 3617 Imperatorem
773 3545 900 3598 sententia
911 3543 1041 3613 postulat,
1054 3562 1124 3608 uon,
1138 3543 1288 3619 utquidam

213 3620 318 3683 dicum,
340 3623 383 3675 rel
408 3623 471 3694 quia
494 3627 602 3680 mentiri
624 3628 728 3692 nescio,
774 3623 930 3684 emendant,
961 3622 1104 3692 carnificem.
1131 3623 1199 3676 Nom
1230 3626 1288 3679 bec

212 3702 255 3755 vel
266 3702 329 3774 quia
341 3703 416 3757 ilium
429 3700 551 3757 deridere
561 3724 616 3757 nou
627 3706 725 3774 audeo,
772 3725 838 3769 vox,
849 3703 971 3769 carnifex,
983 3704 1010 3756 iu
1022 3715 1147 3756 contextu
1156 3704 1289 3773 Pliuieno,

212 3782 255 3834 vel
277 3783 339 3854 quia
360 3799 410 3835 nec
429 3783 484 3855 ipse
505 3802 532 3836 se
549 3786 634 3838 Deum
655 3787 727 3840 votet
770 3784 803 3838 sd
817 3786 961 3838 Fortunam
976 3784 1101 3854 pertinet.
1114 3784 1205 3837 ern.

209 3859 727 3919 diciss..Hominemseesseetiumtrium·
812 3870 857 3920 28.
877 3865 911 3917 Ut
930 3868 962 3914 sit
980 3875 1080 3914 exorata
1096 3884 1112 3914 a
1133 3875 1216 3935 tergo,
1234 3878 1286 3919 etc.

211 3940 296 4010 pireus
316 3943 344 3995 in
368 3943 415 3996 illo
435 3944 621 3998 sublimissimo
644 3963 726 4000 curru
770 3946 834 4017 Leg.
860 3963 893 3997 ex
917 3944 979 3996 Vet.
1007 3969 1018 3991 ι
1034 3942 1132 3997 Similis
1154 3943 1286 3999 medicine

209 4019 393 4077 admonetur:
412 4024 562 4096 suggeritur
577 4026 649 4078 euim
670 4026 694 4079 ei
710 4046 725 4081 n
771 4025 886 4096 lingue,
902 4034 946 4089 et,
961 4035 992 4077 ut
1012 4025 1045 4078 sit
1060 4037 1167 4080 excreta
1180 4025 1287 4081 fortuna
