2700 4800
218 351 266 433 do
485 351 524 416 C.
551 346 723 416 PLINII
748 348 859 418 NAT.
885 348 1013 415 HIST.

216 481 293 569 bos,
311 480 376 551 hoo
398 495 466 564 est,
487 482 641 575 contagia
658 482 852 576 regerimus.
870 466 994 550 simiti⁴
1009 477 1111 548 modo
1131 491 1165 544 et
1186 476 1290 546 fasci·

215 572 384 659 nationes⁵
399 588 658 682 repercutimus,
673 572 881 684 dextrnque⁶
893 584 1080 658 clauditatis
1095 604 1288 653 occursum.

217 696 360 765 Veniam
379 717 512 788 quoque
526 718 546 762 a
560 694 642 763 Deis
657 694 726 789 spei
747 693 886 789 alicujus
902 689 1106 763 audacioris⁷
1124 690 1289 785 petimus,

218 803 253 871 in
276 804 386 873 sinum
406 799 566 895 spuendo.
588 801 697 868 Etiam
720 800 835 870 eadem
861 801 990 870 ratione
1013 813 1108 868 terna
1125 796 1289 889 despuere

217 892 483 1003 deprecatione⁸,
504 908 538 975 in
560 907 653 975 omni
674 905 839 977 medicina
861 931 934 976 mos
954 919 1021 992 est,
1044 918 1144 999 atque
1167 904 1214 972 ita
1235 901 1288 971 ef·

217 1010 501 1107 fectusadjuvare
526 1013 752 1108 :incipientes
780 1011 976 1083 furunculos
1010 1026 1061 1080 ter
1086 1010 1289 1106 presignare

180 1119 326 1212 zjejuna
342 1117 472 1190 saliva⁹.
494 1120 620 1188 Mirum
642 1116 835 1208 dicemus¹⁰,
849 1120 908 1189 sed
928 1119 1155 1213 experimento
1175 1112 1288 1184 facile:

215 1227 242 1294 si
260 1249 360 1321 quem
373 1227 532 1318 poeniteat
546 1227 633 1295 ictus
649 1228 779 1296 eminus
794 1228 988 1297 cominusve
1005 1222 1105 1309 illati,
1123 1236 1157 1292 et
1175 1221 1287 1291 statim

214 1346 353 1427 exspuat
371 1332 512 1403 mediam
536 1333 570 1400 in
592 1356 747 1419 manum,
768 1357 834 1427 qua
851 1331 1031 1428 percussit,
1050 1328 1180 1399 levatur
1197 1325 1288 1398 illico
1313 1408 1317 1413 ¹

211 1462 389 1532 percussus
409 1463 429 1508 a
447 1462 555 1533 poena.
575 1440 650 1508 Hoc
667 1463 754 1534 saepe
776 1437 967 1511 delumbata
986 1432 1202 1532 quadrupede
1227 1458 1288 1530 ep·

210 1647 323 1700 multem
344 1645 454 1701 sslivsm
471 1664 519 1700 ore
536 1659 666 1718 exspuent
678 1647 726 1720 qni
770 1647 819 1702 lib.
834 1647 934 1700 XXII:
945 1672 957 1696 ι
968 1645 1023 1714 Qui
1042 1664 1090 1718 spe
1105 1644 1230 1717 improbe
1243 1662 1291 1699 re·

210 1726 262 1779 lrsc
274 1725 396 1781 laborant
407 1727 555 1780 miserrima
564 1727 728 1798 peste.Vete·
771 1746 854 1798 gnum
875 1727 959 1781 totins
983 1725 1083 1780 Africa
1105 1726 1285 1797 amplexusgn

211 1825 254 1861 res
265 1818 353 1860 sutem
365 1818 496 1879 potuere,
510 1805 575 1860 dum
591 1819 727 1878 perpetuo
770 1806 911 1860 LXXIX:
926 1834 937 1856 ·
947 1806 1095 1878 Imperium
1105 1804 1288 1876 speirnprobn

211 1885 323 1940 effectus
337 1885 365 1939 in
386 1903 493 1939 causum
513 1886 623 1940 trabunt
638 1888 727 1957 ejecte
771 1887 853 1940 totius
868 1887 941 1941 orbis
952 1886 1100 1958 amplexi.»
1118 1886 1289 1939 Gronov.-

213 1965 382 2037 salivss‚quu
395 1965 504 2038 quidem
513 1966 678 2031 eflectusest,
687 1985 728 2019 ss·
771 1966 836 2038 Spei.
851 1967 873 2019 Ii
886 1980 970 2031 certe,
992 1966 1099 2038 quispe
1113 1965 1201 2037 eliqua
1212 1962 1289 2019 dusti

212 2044 318 2116 signare
332 2063 438 2099 causam
456 2045 604 2099 levaminis.
625 2047 672 2099 Ar.
771 2047 930 2099 insolentius
941 2047 1023 2118 paulo
1032 2065 1061 2100 se
1070 2045 1288 2116 esserunt,etqui

253 2131 281 2190 4.
296 2122 387 2180 Simili.
401 2122 444 2177 sd
460 2125 591 2179 lasciuum
605 2125 728 2179 similiter
770 2139 833 2179 sunt
843 2127 1027 2198 jactantiores,
1047 2142 1143 2196 spuere
1163 2124 1288 2178 similiter

211 2202 403 2277 depellendum
423 2203 451 2258 id
464 2206 576 2258 Veteres
599 2223 728 2278 usurpare
771 2205 800 2258 in
813 2206 900 2259 sinum
915 2207 1010 2260 solent.
1020 2207 1088 2271 Quis
1099 2205 1229 2258 sententia
1239 2204 1290 2258 Ju-

211 2284 292 2338 soliti.
314 2285 415 2338 Jureu.
429 2297 510 2356 satyr.
527 2284 559 2349 5,
584 2302 651 2338 vers.
671 2302 724 2339 rrn
770 2302 831 2338 ven.
842 2299 894 2344 est.
906 2285 995 2351 sats,
1004 2304 1031 2339 v.
1040 2305 1051 2340 r
1060 2302 1107 2339 rs:
1125 2307 1136 2329 ι
1147 2286 1226 2338 Tune
1235 2286 1288 2339 ins·

212 2354 297 2433 (ride
318 2364 390 2417 inira
410 2376 468 2417 not.
491 2360 539 2434 7).
569 2364 625 2417 Ubi
650 2378 727 2418 retus
770 2382 861 2418 mensa
872 2365 929 2419 cavi
941 2366 1042 2439 spirent
1052 2365 1189 2418 mendacia
1200 2365 1288 2431 folles,

211 2443 382 2498 Scholiastes:
394 2442 523 2513 -Propter
532 2443 728 2498 inseinumrer·
772 2446 992 2518 conspuiturque
1016 2446 1098 2500 sinus.
1110 2472 1122 2493 ·
1142 2445 1287 2516 Diogenis·

211 2524 313 2576 borum
324 2536 364 2577 ter
380 2523 430 2575 sibi
451 2523 478 2576 in
492 2525 552 2577 sinu
567 2537 683 2595 spuunt,
701 2538 728 2579 et
770 2526 982 2590 nus,Cent.1r‚
995 2544 1072 2595 pror.
1088 2526 1122 2578 82
1136 2543 1143 2578 τ
1157 2550 1169 2572 ·
1178 2527 1220 2586 Εἰς
1232 2528 1289 2579 κόλ-

211 2601 339 2656 ridentur
360 2602 488 2656 fascinum
501 2621 592 2656 arcere
602 2644 609 2666 ,
619 2618 650 2658 ut
663 2607 727 2658 Per·
770 2625 817 2656 πον
830 2608 856 2659 οὐ
875 2606 956 2659 eries.
976 2596 1026 2659 bet
1041 2612 1090 2658 τῶν
1110 2607 1287 2675 μεγαλαύχων.
1307 2669 1309 2673 ¹

211 2684 267 2737 sius
287 2682 321 2736 de
341 2694 479 2735 matertera
500 2683 572 2736 :vet
595 2685 729 2756 incipiunt
770 2684 963 2756 Libanius,ep.
982 2702 1032 2754 ¹9¹
1047 2721 1056 2745 ,
1070 2683 1103 2738 sd
1116 2682 1286 2739 Modestum:

211 2763 296 2816 mults
308 2763 359 2815 sibi
371 2762 575 2835 promittentes,
588 2763 617 2815 in
635 2767 725 2818 sinum
770 2767 807 2817 Οὔ
822 2765 869 2835 μὴν
882 2769 928 2826 τάς
945 2783 973 2836 γι
986 2763 1092 2825 ἐλπίδας
1104 2767 1213 2830 diruas,
1231 2767 1287 2820 ἀλλ’

211 2861 327 2915 spuere,
342 2855 391 2896 etc.
405 2869 417 2890 ·
433 2841 558 2896 Tibullus
571 2843 598 2906 I,
613 2845 678 2916 eleg.
693 2862 725 2898 s:
770 2843 817 2897 sini
828 2845 870 2899 sei
881 2847 1005 2916 λαμπραί.
1018 2847 1094 2898 IIrbe
1103 2841 1132 2898 tt
1141 2847 1174 2906 εἰς
1186 2847 1289 2911 κόλπον,

215 2951 227 2971 ι
237 2924 293 2977 Ter
306 2940 386 2987 osne,
401 2935 442 2976 ter
462 2921 541 2976 dictis
558 2941 656 2995 exspue
668 2944 726 2978 cer·
768 2930 802 2993 τῇ
811 2927 934 2996 παροιμίᾳ
944 2923 1286 2996 πειθᾰμινοςΝἰάεΕηεω.

212 3003 337 3056 minibus.
349 3028 361 3049 ·
377 3002 412 3057 Et
427 3002 568 3056 Theocriti
578 3002 701 3075 idyllio7
716 3021 725 3057 τ
770 3004 841 3058 Cbil.
856 3005 885 3061 1.
899 3016 969 3058 cent
987 3009 1013 3057 6.
1029 3004 1121 3059 Hsnn.

213 3073 250 3143 ite
270 3082 304 3154 μὴ
327 3086 460 3148 decussio
479 3079 525 3143 dl,
545 3083 595 3156 epi<
611 3086 644 3148 sle
667 3087 724 3155 ipis
811 3085 838 3136 8.
863 3085 1048 3159 Depreeatione.
1072 3081 1149 3138 MSS.
1171 3102 1285 3150 omnes,

213 3164 314 3216 inruere
329 3163 429 3216 subesse.
444 3162 535 3218 Hsnu.
765 3164 951 3234 praedieatione.
965 3164 1054 3217 Hsun.

254 3242 281 3296 5.
294 3240 489 3295 Faseinctiones·
511 3244 551 3296 De
569 3243 600 3297 iis
621 3244 725 3297 Pluter·
810 3261 837 3312 9.
871 3245 961 3315 Jejuno
991 3245 1076 3297 salisa.
1106 3243 1197 3314 Jejuni
1229 3243 1286 3298 oris

211 3319 293 3386 chus,
315 3320 439 3393 Sympos.
463 3323 561 3388 Qutest.
578 3323 626 3375 lib.
643 3324 679 3389 V,
697 3336 723 3394 7.
767 3324 963 3378 silivellun.

211 3404 315 3455 Dsuuc.
813 3421 854 3457 ιο.
870 3404 962 3456 Mirum
984 3403 1103 3467 dicemus,
1123 3403 1169 3455 sed
1189 3408 1286 3474 seper-i·

253 3486 280 3536 6.
301 3481 458 3552 Deetroeque.
474 3483 501 3534 Si
521 3483 581 3555 quis
601 3495 725 3536 occurret
769 3497 847 3535 mento
856 3485 941 3549 sterile.
958 3483 1084 3537 Cavillari
1098 3481 1206 3535 videtur
1227 3484 1285 3537 No·

211 3560 309 3615 dextro
320 3557 389 3632 pede
400 3559 524 3624 claudus,
541 3580 620 3615 omen
630 3561 723 3616 adver·
767 3574 822 3616 ster
833 3562 898 3615 dum
911 3562 945 3616 sd
953 3564 1134 3635 experimenta
1141 3582 1190 3615 nos
1200 3563 1286 3617 mittit

210 3660 269 3695 sum
282 3639 471 3694 abominamur
488 3642 650 3712 exspuendo.
668 3643 702 3695 H.
769 3639 803 3694 de
814 3643 911 3696 talibus
920 3662 1047 3706 narrans,
1058 3661 1107 3695 nec
1118 3661 1175 3695 rern
1188 3643 1282 3696 Iulsarn

251 3741 278 3792 7,
287 3719 451 3792 Speialicujus
459 3721 603 3772 undennis.
615 3722 724 3777 Frustra
767 3722 824 3792 ipse
838 3726 1002 3794 pronuntiat.
1018 3724 1114 3790 Nonne
1124 3722 1222 3775 dixeris
1233 3740 1285 3778 nee

210 3799 723 3874 Pintianusvenditataudaciores.Neque
768 3802 802 3855 ub
837 3805 896 3876 ipso
931 3804 1144 3875 experimentum
1171 3804 1285 3856 intenta·

210 3880 667 3952 enimemimusreltitivillitio.Spes
678 3903 723 3935 uu·
768 3895 844 3947 tum,
861 3902 910 3936 nee
931 3885 1000 3937 male
1015 3882 1211 3955 indagationem
1227 3899 1284 3935 eoa-

209 3962 416 4032 dicionemque
426 3961 533 4016 Iustino
543 3964 721 4033 spesimpiobm
767 3963 908 4016 sisseids.
