2700 4800
424 324 577 392 umas
608 324 798 392 xxviii.
1108 346 1148 418 ¹7
1178 337 1182 360 =

80 466 170 535 rint:
187 485 256 557 quo
278 483 417 529 munere
435 457 554 527 divinae
574 454 789 551 indulgentiae
812 455 919 549 majus
937 455 1064 527 nullum
1088 474 1147 528 est.
1252 454 1255 459 ’

80 566 190 659 Quid?
209 592 281 638 nou
300 581 335 636 et
348 564 461 661 legum
477 548 638 659 ipsarum⁸
652 564 687 631 in
704 560 882 631 duodecim
905 562 1024 632 tabulis
1044 565 1148 634 verba

79 673 195 748 sunt⁹l
210 676 269 770 qui
282 674 398 767 ¹fruges
419 667 662 740 excantassit¹⁰.
685 671 729 739 Et
746 668 840 754 alibi,
860 670 917 762 qui
932 668 1061 741 malum
1075 696 1148 740 car·
1195 694 1205 754 ¹.

79 807 153 852 men
169 781 373 852 incantassit.
399 779 540 849 Verrius
560 776 700 845 Flaccus
721 790 873 845 auctores
891 777 1004 870 ponit,
1030 778 1184 872 quibust
1217 850 1220 854 ,

78 888 209 974 credat,
226 889 262 956 in
291 881 627 982 oppugnationibus'¹¹
650 897 729 952 ante
751 883 865 952 omnia
883 880 1017 952 solitum
1043 886 1150 953 aRo-
1196 894 1201 907 '

77 1093 157 1147 ritum
171 1086 251 1147 etiam
267 1094 364 1146 AEneas
377 1090 518 1145 inducitur
530 1103 593 1146 ante
629 1091 732 1145 'ultima
743 1108 809 1143 voce
824 1108 931 1156 earum,
945 1109 1004 1162 quo
1016 1109 1031 1144 a
1046 1091 1076 1144 Ρ.
1088 1091 1155 1145 inci·

77 1192 185 1246 operam
208 1171 275 1226 darc
290 1172 441 1237 sacrificiis,
460 1185 486 1225 et
506 1170 543 1225 sic
559 1170 593 1225 ad
636 1173 723 1242 piunt.
738 1172 843 1224 Dauo.

77 1254 211 1308 sociorum
234 1266 261 1305 et
287 1252 413 1307 Pallantis
439 1251 593 1323 sepulcrum
674 1250 1153 1321 ·ro.()nlsrugcsecc.vulg.ercamm-

75 1334 193 1388 resertit.
207 1359 219 1380 ι
239 1332 331 1387 Iliun.
635 1343 679 1384 set.
696 1332 803 1403 Aptior,
825 1324 855 1384 ut
870 1329 972 1395 sentio,
989 1331 1069 1385 lectio
1084 1332 1152 1398 erit,

116 1416 144 1469 8.
160 1412 252 1483 Qutda
270 1431 319 1464 non
338 1425 364 1464 et
384 1412 463 1483 legum
478 1414 591 1482 ipsarum.
635 1414 803 1464 accautmsit:
828 1412 941 1464 rerbum
961 1412 1100 1484 antiquum
1117 1414 1151 1466 ab

76 1493 171 1566 Neque
179 1492 364 1547 Romasolttm
371 1503 399 1545 et
409 1491 593 1544 decemviralis
635 1504 750 1557 encauto,
765 1502 926 1544 eccuutussu:
946 1503 975 1543 ut
990 1510 1006 1545 a
1026 1494 1094 1557 troo,
1116 1495 1151 1546 lc·

76 1574 233 1645 ignorabtin
247 1572 413 1642 temporibus
434 1570 591 1625 deliramen-
635 1592 713 1637 casso,
723 1590 766 1642 ap.
773 1571 831 1624 Cic.
840 1572 941 1624 Catone
952 1570 990 1623 Μ.
999 1593 1108 1625 curamve
1116 1576 1151 1627 Ie·

77 1654 110 1707 tia
120 1655 237 1708 anilibus
249 1653 353 1706 refertae
366 1653 453 1723 leges3
464 1650 510 1703 scd
526 1670 591 1704 neo·
636 1672 712 1705 vasso.
726 1651 807 1703 Prar.
819 1681 860 1693 -
876 1653 934 1721 Qui.
949 1651 1053 1706 Tabula
1065 1655 1150 1722 VIII,

76 1736 155 1788 terim
170 1734 252 1788 etiam
263 1743 353 1798 atate,
366 1749 401 1783 ne
413 1730 493 1800 longe
505 1749 603 1807 errem·¹
635 1750 696 1802 cap.
711 1751 737 1784 a.
749 1731 897 1785 Excantare
909 1731 960 1783 hoc
972 1731 1031 1787 loco
1043 1747 1082 1787 est
1096 1754 1151 1788 ma·

76 1814 119 1886 pla
131 1832 299 1887 queramus,
312 1813 395 1864 multa
410 1823 503 1864 contra
515 1811 592 1864 lasci·
634 1812 700 1883 gicis
715 1811 879 1864 carminibus
893 1811 1025 1882 obligare,
1043 1833 1089 1868 seu
1102 1814 1152 1868 im-

76 1907 199 1961 natores,
223 1894 421 1957 incantatores,
442 1891 591 1957 succubus,
634 1890 727 1962 pedire
758 1891 903 1963 quominus
934 1890 1002 1962 quid
1032 1908 1149 1962 crescat,

76 1973 188 2028 incubos
200 1991 295 2045 regum
308 1972 452 2025 auctoritas
466 1969 591 2024 decreve-
634 1971 787 2037 adolescat,
800 1972 843 2024 vel
854 1972 882 2024 in
898 1973 1075 2026 maturitatem
1087 1995 1148 2046 per-

76 2068 125 2107 rat.
142 2055 211 2120 Quae
231 2050 338 2106 tandem
352 2052 381 2105 in
394 2053 522 2116 Francia,
536 2052 592 2104 Au·
634 2049 767 2114 ducatur,
782 2051 916 2103 imbribus
932 2052 1003 2104 forte
1016 2053 1149 2127 intempe-

74 2135 146 2206 glia‚
167 2132 312 2188 Germania
325 2129 450 2186 ¹abolevit
474 2132 544 2185 ratio
565 2146 593 2205 et
635 2132 709 2185 stivis
723 2131 855 2196 attractis,
875 2129 916 2183 vel
937 2131 1015 2184 bonis
1031 2152 1150 2189 necessa·

75 2214 189 2269 hnmani
214 2212 324 2285 generis,
345 2212 524 2275 conscientia;
544 2210 591 2265 sed
635 2212 736 2284 riisque
744 2210 866 2283 repulsis.
878 2209 960 2275 Quod
970 2211 1069 2266 Seneca
1078 2215 1150 2270 Natt.

75 2290 308 2367 ffispmia'semt
322 2293 535 2364 religiosissime}
550 2310 592 2345 ar·
636 2291 692 2357 Qu.
714 2292 771 2356 IV,
792 2310 827 2361 7,
849 2289 883 2344 de
905 2309 936 2344 ea
952 2310 982 2343 re
1002 2310 1096 2362 agens,
1113 2296 1150 2349 sic

75 2368 161 2440 cam,
187 2387 218 2428 ut
244 2375 333 2433 aiuut,
359 2372 469 2425 Domini
491 2371 593 2426 nefarie
636 2371 731 2426 docet:
748 2369 850 2443 -bpud
860 2370 1082 2443 uos,inquit,in
1096 2375 1151 2429 XII

75 2466 172 2509 tactam
195 2454 337 2519 arbitrata,
352 2453 376 2505 si
392 2450 498 2504 tandem
510 2453 593 2506 Vete·
635 2452 733 2506 tabulis
753 2464 877 2505 cavetur:
903 2451 944 2504 Nc
969 2452 1029 2524 quis
1051 2454 1151 2510 alienos

73 2554 136 2588 rum
149 2533 310 2588 commentis
328 2545 355 2586 et
369 2532 479 2585 somniis
492 2530 593 2585 daimo-
637 2531 740 2585 fructus
759 2531 914 2584 excantassit
932 2549 939 2583 :
960 2531 1045 2586 Rudis
1063 2533 1152 2591 adhuc
1176 2564 1180 2569 ·

70 2615 276 2687 noflraphornm
289 2611 384 2685 aliquis
394 2609 536 2666 valedicat
542 2611 592 2664 Ar.
638 2610 782 2681 antiquitas
793 2609 936 2677 credebat,
950 2624 976 2665 et
988 2615 1085 2668 attrahi
1100 2616 1151 2669 im·

115 2713 144 2764 9.
182 2696 213 2748 Iu
243 2693 368 2746 duodecim
395 2692 484 2743 tubulis
517 2692 592 2745 cerba
627 2688 698 2743 *bras
711 2691 851 2756 cantibus,
864 2705 892 2745 et
906 2693 1018 2763 repelli:
1033 2713 1151 2766 quorum

72 2786 139 2828 saut.
161 2776 265 2828 Versus
280 2774 300 2826 ii
320 2783 405 2826 suut:
426 2798 438 2819 ι
453 2771 493 2824 Ne
514 2773 592 2843 pelli·
636 2772 705 2824 nihil
717 2790 794 2842 posse
808 2771 868 2824 fieri
879 2783 932 2824 tum
948 2773 1034 2841 palam
1050 2788 1107 2840 est,
1123 2789 1153 2829 ut

72 2853 176 2909 ciundo
186 2855 286 2909 alienas
301 2866 400 2924 segetes
414 2865 590 2905 excantanto:
636 2850 717 2921 hujus
730 2853 769 2904 rei
785 2871 864 2906 causa
879 2852 980 2905 nullius
997 2854 1152 2925 philosophi
1179 2896 1186 2911 i

72 2934 118 2989 Ne
134 2935 310 3005 incantante,
323 2952 359 2985 ne
374 2951 467 3003 agrum
483 2930 591 2986 defrau-
635 2932 726 2985 schola
741 2931 866 2986 intranda
883 2932 926 2984 sit.
940 2957 952 2979 ι
976 2934 1017 2985 De
1032 2934 1152 2987 incanta·

72 3013 176 3069 danto:
190 3015 232 3068 Ne
241 3015 347 3084 frugem
357 3026 445 3066 aratro
455 3014 592 3084 quesitam
636 3012 732 3065 mentis
752 3011 914 3083 ejuscemodi
939 3013 1022 3065 multa
1048 3012 1152 3070 erudite

72 3106 159 3149 noctu
177 3095 270 3148 lurum
285 3092 459 3164 depascunto.
475 3093 592 3147 Puberes
637 3092 758 3162 congerit
791 3090 993 3158 Gotholredus,
1021 3093 1050 3147 in
1082 3094 1150 3151 Cod.

73 3175 232 3240 sisecanto,
243 3172 335 3227 Cereri
344 3191 389 3226 eos
397 3172 591 3244 suspendunto.
636 3170 741 3225 Theod.
761 3172 793 3224 L.
814 3171 856 3225 tit.
874 3175 929 3238 16,
948 3171 982 3225 de
996 3174 1152 3243 maleficiis,

72 3255 234 3325 [inpuberes
247 3254 379 3307 arbitratu
393 3255 516 3324 praetoris
530 3273 590 3306 rer·
636 3252 952 3324 etc.png.117.Hsan.
1025 3300 1030 3312 ,

73 3336 202 3388 beranto.
234 3335 274 3386 Ac
304 3352 401 3386 noxam
433 3330 591 3403 duplionem
680 3350 722 3386 ιι.
741 3334 772 3385 Iu
789 3332 1024 3402 oppugnatthut’bus,
1041 3349 1091 3389 etc.
1108 3333 1149 3388 Ad

74 3405 170 3483 (noae
181 3413 280 3467 deinde
295 3408 434 3476 talionem)
447 3410 594 3468 decernuu·
637 3429 698 3464 eum
710 3411 791 3465 ritum
804 3413 960 3468 thember
972 3414 1080 3468 Servius
1091 3434 1151 3486 per·

73 3507 114 3547 to.
131 3521 142 3541 ·
160 3492 328 3547 Gaudentius
345 3493 465 3558 Merula,
484 3512 542 3565 cap.
560 3499 592 3558 I,
636 3492 722 3546 tinere
743 3493 838 3544 volunt
852 3494 900 3545 hos
918 3513 1008 3547 sersus
1021 3495 1148 3565 Virgilii:

78 3592 107 3628 1.
119 3572 185 3633 vid.
196 3590 291 3644 supra,
303 3574 351 3626 lib.
365 3573 476 3637 XVIII,
487 3592 547 3644 cup.
561 3573 591 3638 33
641 3599 652 3620 ·
665 3574 806 3624 Excessere
816 3592 908 3626 omnes
925 3573 1028 3645 adytis,
1045 3577 1150 3646 arisque

75 3652 240 3719 Rarardus,
256 3672 315 3725 cap·
340 3652 394 3717 23,
409 3652 437 3704 in
459 3654 529 3724 leges
551 3671 592 3705 xit
636 3652 753 3716 relictis,
769 3654 804 3704 Di
824 3654 921 3724 quihus
938 3654 1082 3725 imperium
1098 3656 1151 3708 hoc

73 3735 132 3788 tab.
156 3736 273 3797 Seneca,
294 3734 388 3786 Natur.
414 3731 514 3796 Qutcst.
536 3733 594 3798 vt,
639 3743 752 3784 steterat
766 3758 777 3780 ι
796 3734 1017 3787 llluretustumen
1034 3737 1099 3787 Vur.
1114 3737 1150 3799 V,

74 3832 138 3882 cap.
154 3833 185 3884 73
195 3813 343 3885 Apuleius,
356 3813 478 3884 apologia
496 3830 520 3864 r.
534 3812 592 3865 Ma·
640 3831 664 3864 c.
683 3830 733 3880 19,
752 3815 809 3884 ejus
822 3812 874 3864 loci
890 3814 1077 3867 abstrusiorem
1095 3835 1152 3868 sen·

75 3892 168 3946 leficos
187 3894 236 3946 hos
259 3892 427 3947 indemnatos
447 3893 593 3965 uuicuique
638 3909 697 3943 sum
712 3905 857 3956 monstrat,
871 3911 905 3946 ex
916 3895 1043 3966 AEschylo
1055 3909 1082 3948 et
1094 3898 1152 3967 ejus

74 3973 174 4027 licebat
188 3973 352 4027 interimere.
369 3973 464 4044 scalig.
482 3974 509 4026 in
522 3972 592 4026 Fest.
638 3971 779 4025 scholiaste
798 3973 921 4043 petitum.
943 3976 1045 4028 Dinac.
1059 4006 1099 4018 -
1114 3975 1152 4027 In.

156 4072 263 4139 VIII.
988 4098 1006 4140 n
