2700 4800
217 370 259 441 52
493 370 532 438 C.
558 368 728 437 PLINII
752 368 859 438 NAT.
886 368 1014 435 HIST.

214 530 318 601 panos
350 503 540 573 discutiunt.
572 499 751 572 Ulceribus
775 525 892 570 senum
919 522 1169 594 puerorumque
1185 496 1229 588 ¹¹,
1245 514 1291 569 et

213 612 435 706 desquamatis
449 608 653 678 ambustisve
668 606 849 677 illintmtur.

182 750 193 783 1
267 719 363 787 XIV.
375 719 426 785 Eo
440 716 550 783 minus
565 716 674 784 omitti
689 715 845 784 convenit
855 711 899 780 ab
917 712 1031 780 animo
1043 712 1190 782 bominis
1205 737 1289 808 pen·

212 826 329 894 dentes
342 821 531 891 medicinas.
543 819 727 891 Abstinere¹
738 821 815 890 cibo
829 820 932 901 omni,
946 831 1004 886 aut
1015 833 1110 913 potu,
1119 816 1199 888 alias
1207 820 1289 889 vino

212 945 343 1000 tantum
366 943 425 997 aut
445 932 562 1014 car'ne,
580 927 660 997 alias
681 927 835 1013 balineis,
859 949 962 1020 quum
982 925 1062 1019 quid
1081 950 1199 994 corum
1223 950 1289 1020 po-

213 1035 313 1106 stulet
331 1032 504 1121 valetudo,
526 1037 560 1103 in
578 1035 839 1129 praesentissimis
864 1029 1018 1101 remediis
1041 1031 1195 1101 habetur.
1227 1032 1290 1100 His

213 1142 367 1213 remediis
379 1140 619 1210 adnumeratur
633 1141 827 1210 exercitatio
836 1137 861 1225 ²,
871 1122 1300 1234 intentio³vocis‚ungui⁴,·

256 1393 301 1429 rr.
319 1372 443 1426 Ulceribus
455 1391 536 1425 serrum
544 1391 725 1445 puerorumque.
770 1371 874 1425 Dehinc
887 1371 970 1425 multa
987 1390 1048 1443 qun
1064 1384 1213 1445 sequuntur
1228 1391 1290 1426 rere

211 1454 291 1509 Voss.
311 1473 403 1526 quoque
416 1472 550 1525 rarumque.
572 1455 613 1505 Au
626 1472 728 1524 puerpe-
770 1463 840 1504 sunt.
853 1460 902 1506 Ar.

212 1552 346 1607 rerumque.
375 1533 464 1586 Guou.
489 1564 527 1575 -—
554 1532 687 1587 Ulceribus.
708 1533 727 1585 l.
814 1550 840 1583 s·
870 1534 1033 1585 Exercitatio.
1060 1531 1291 1587 Exercitetiouum

211 1634 235 1669 c.
258 1617 321 1684 Πρὸς
349 1614 407 1670 lbet
430 1609 584 1683 reproberis&
614 1613 728 1683 ippont,
772 1628 869 1681 genera
889 1614 947 1665 buc
966 1624 1027 1664 sunt
1045 1608 1118 1684 apud
1139 1611 1234 1666 Galen.
1256 1611 1290 1665 de

211 1706 261 1747 etc.
277 1693 368 1747 llruu.
772 1692 835 1743 San.
850 1691 963 1756 tuenda,
975 1692 1012 1756 ll,
1027 1692 1058 1756 8,
1071 1708 1132 1762 pag.
1146 1693 1194 1757 83,
1205 1692 1291 1758 lucta,

251 1773 328 1825 XIV.
348 1790 372 1824 ι.
385 1771 523 1825 Abstinere.
540 1772 581 1825 Ita
592 1773 658 1842 Reg.
675 1788 687 1823 1
703 1783 730 1823 et
771 1771 919 1841 pugilatus,
944 1788 1057 1837 cursus,
1078 1771 1204 1837 saltatio,
1224 1770 1290 1826 disci

212 1850 288 1905 editi.
301 1854 366 1923 Reg.
378 1872 393 1904 s
406 1864 433 1904 et
443 1851 493 1904 Cb.
508 1850 627 1903 abstinere
634 1871 659 1902 se
667 1849 728 1902 cibo.
770 1851 944 1923 jactus,pilre
952 1848 1045 1916 ludus,
1059 1862 1086 1903 et
1093 1851 1198 1904 similia.
1210 1852 1292 1906 Exer-

212 1932 329 1985 Baliueis
343 1929 451 2001 quando
465 1929 613 1994 utendum,
624 1928 730 2001 quaudo
773 1928 907 1983 citationis
922 1930 1002 1984 simul
1017 1942 1044 1983 et
1063 1930 1162 1983 laboris
1181 1931 1291 1984 uomiue

213 2008 397 2064 abstinendum
408 2010 450 2073 sit,
461 2028 492 2062 ex
500 2011 578 2063 Celso
586 2009 730 2082 perdisces,
773 2022 932 2075 censentur,
945 2009 1100 2081 remigatio,
1118 2011 1215 2074 sossio,
1232 2029 1291 2065 era·

212 2092 260 2156 11,
278 2108 329 2161 17,
345 2090 376 2142 de
393 2089 487 2142 sudore.
504 2087 580 2142 Idem
599 2091 664 2142 scite
683 2087 731 2141 ad·
773 2087 825 2152 tio,
842 2091 951 2160 gestatio
967 2090 1072 2153 oneris,
1085 2090 1230 2162 equitatio,
1245 2109 1292 2144 ve·
1320 2144 1323 2149 ,

213 2169 344 2229 modum,
363 2170 422 2234 ΠΙ,
438 2189 473 2221 2:
494 2170 605 2239 «Igitur
621 2169 642 2221 si
664 2166 731 2238 quid
773 2168 860 2231 natio,
881 2170 987 2241 longior
1001 2170 1164 2235 ambulatio,
1180 2181 1233 2224 etc.
1255 2168 1291 2223 H.

212 2249 301 2303 morbi
333 2247 446 2312 incidit,
480 2249 601 2300 omnium
630 2247 731 2319 optime
816 2248 841 2303 3.
853 2251 967 2302 Intentio.
981 2249 1043 2301 Sive
1055 2260 1084 2301 ut
1096 2250 1190 2303 Celsus
1203 2250 1250 2311 ait,
1264 2250 1293 2314 1,

213 2341 289 2393 sunt,
303 2329 394 2398 quies,
407 2327 610 2381 euabstincntia.
623 2327 650 2379 Si
665 2325 731 2396 quid
777 2330 890 2395 s,clara
903 2331 981 2382 lectio.
996 2330 1032 2382 Et
1043 2347 1104 2400 cap.
1120 2332 1137 2384 8
1149 2348 1156 2381 :
1173 2330 1294 2401 «Siquis

213 2406 378 2468 bibendum,
401 2425 497 2477 aqua...
517 2404 630 2478 Solaque
650 2406 731 2459 absti-
773 2410 909 2462 stomacho
924 2410 1042 2475 laborat,
1057 2411 1145 2481 legere
1157 2410 1228 2463 clare
1243 2407 1292 2462 de·

213 2488 303 2541 nentia
318 2488 374 2539 eine
390 2487 509 2557 periculo
525 2486 675 2540 medeturm
696 2488 731 2540 Et
772 2488 831 2543 bet:
842 2501 903 2561 post
911 2489 1052 2542 lectionem
1061 2490 1207 2550 ambulare,
1218 2502 1289 2543 etc.-

214 2566 236 2619 si
252 2567 352 2619 leviora
369 2564 466 2619 iudicia
483 2566 598 2633 luerint,
616 2565 678 2620 tatis
697 2568 731 2620 sit
773 2570 808 2621 Et
816 2588 877 2621 mox
890 2587 896 2620 :
909 2592 920 2611 ι
930 2568 1040 2621 Prodest
1051 2567 1177 2622 adversus
1186 2567 1292 2623 tardam

215 2666 229 2699 ι
258 2647 322 2698 rino
345 2658 448 2699 tautum
476 2647 627 2710 abstinere,
655 2646 730 2717 quod
772 2649 971 2701 concoctionem
997 2648 1068 2702 clare
1086 2652 1188 2719 legere,
1211 2661 1264 2702 etc.
1277 2674 1288 2696 ι

214 2725 457 2797 subtractum,plus
470 2744 549 2796 quam
560 2727 581 2777 si
593 2726 653 2779 cibo
663 2724 730 2797 quid
773 2729 910 2799 Denique,
921 2729 971 2791 IV,
990 2733 1023 2792 4,
1037 2726 1071 2780 de
1086 2728 1150 2780 tussi
1162 2740 1169 2774 ἰ
1185 2728 1294 2800 «Opor-

215 2804 349 2871 dematur,
357 2805 474 2877 adjuvat.
486 2804 514 2858 si
524 2805 730 2876 paulogreviora
772 2819 811 2861 tet
835 2809 948 2861 lectione
971 2809 1012 2860 uti
1034 2807 1207 2861 vehementi:
1232 2827 1294 2879 quse

215 2888 285 2952 sint,
305 2905 360 2939 non
379 2904 474 2957 equam
495 2898 597 2938 tautum
619 2886 728 2946 bibere,
773 2888 862 2958 primo
877 2886 1021 2959 impeditur
1036 2906 1049 2939 a
1065 2888 1144 2951 tussi,
1160 2900 1221 2956 post
1232 2907 1292 2941 eam

215 2965 348 3020 sedetiam
357 2966 418 3019 cibo
426 2983 534 3020 carnem
541 2966 728 3019 subtrahere...
772 2968 886 3020 vincit.»
903 2970 962 3020 Hoc
975 2967 1049 3020 vocis
1062 2966 1234 3031 exercitium,
1252 2968 1294 3020 in-

216 3046 335 3116 Satisque
346 3047 395 3110 sit,
409 3057 467 3098 tum
481 3063 513 3097 ex
525 3046 729 3109 totoacibo,a
773 3047 832 3118 quit
856 3046 921 3099 Cael.
948 3047 1040 3100 Aurel.
1068 3047 1171 3101 Chron.
1195 3049 1231 3110 1,
1262 3067 1292 3113 1,

216 3126 297 3186 vino,
311 3125 345 3177 ab
362 3125 437 3178 omni
446 3137 522 3179 motu
536 3126 656 3197 corporis
674 3127 731 3179 abs·
773 3126 862 3181 Graeci
876 3127 1030 3198 ἀναφώνησιν
1043 3140 1147 3179 vocant.
1160 3129 1253 3182 Hero.

216 3204 318 3270 tinere,
346 3223 430 3275 quum
462 3206 634 3258 vehementer
658 3218 729 3258 notre
814 3211 840 3268 4.
861 3207 952 3276 Ungui.
974 3208 1036 3260 sive
1052 3219 1082 3258 ut
1097 3225 1169 3260 nuuc
1189 3208 1295 3262 obtinet

215 3296 400 3337 terruerunt.»
432 3286 565 3345 Rursum,
580 3284 637 3348 IV,
654 3283 728 3349 s‚in
772 3304 836 3339 usus
853 3285 998 3358 loquendi,
1018 3290 1086 3356 uagi.
1113 3287 1182 3340 Cels.
1202 3287 1232 3352 I,
1251 3308 1292 3342 s:

216 3361 310 3417 dolore
325 3362 435 3432 capitis:
453 3391 464 3412 ι
479 3363 568 3417 Satius
590 3376 629 3415 est
650 3363 730 3416 absti-
776 3366 1034 3421 «Exercitationem
1068 3378 1140 3419 recte
1169 3368 1294 3438 sequitur

215 3461 308 3496 nerea
327 3443 405 3505 cibo,
420 3444 442 3494 si
456 3443 515 3496 fleri
533 3455 634 3515 potest,
649 3444 729 3496 etiam
772 3444 1085 3516 cumidem-Ungui.
1094 3446 1294 3519 nguictuuguo

215 3523 378 3594 epotiuue:
401 3522 495 3575 sinon
516 3536 616 3593 potest,
634 3541 730 3596 aquam
774 3524 828 3578 dici
851 3545 902 3597 pro
931 3529 1009 3594 ungi,
1034 3546 1159 3598 origoque,
1186 3540 1294 3582 vetusto

214 3602 325 3667 bibere,
341 3613 415 3653 etc.»
437 3603 528 3654 Hsau.
545 3634 586 3643 -
601 3604 730 3656 Abstinere
773 3623 905 3670 ruore,ex
913 3605 1047 3659 Prisciauo
1056 3607 1161 3659 scimus.
1172 3608 1205 3659 In
1217 3608 1295 3661 libris

215 3681 269 3735 cibo
288 3684 368 3743 omui,
386 3693 431 3733 aut
448 3693 553 3751 potu,...
581 3687 606 3734 in
624 3702 731 3752 proesen·
773 3684 901 3739 hactenus
920 3684 1015 3748 editis,
1032 3705 1113 3756 ungue
1122 3688 1226 3754 fricari,
1244 3689 1294 3741 ab·

215 3765 311 3814 tissimis
330 3761 440 3813 remediis
455 3761 562 3813 babetur.
577 3762 658 3827 Quod
672 3782 728 3817 me·
773 3764 872 3818 surde:
886 3785 947 3818 nam
962 3765 1079 3836 disparia
1092 3784 1123 3819 ac
1137 3764 1239 3820 diversa
1251 3787 1293 3821 sa·

213 3840 729 3911 dicisdicituragrecosermonedimrm
773 3846 863 3898 nitatis
880 3844 985 3899 tuenda
1003 3844 1120 3897 remedia
1133 3864 1205 3898 nunc
1222 3865 1293 3916 prte-

213 3940 300 3993 neque
310 3922 382 3974 ullus
392 3933 431 3973 est
442 3921 489 3992 qui
498 3922 729 3976 baucmetbodum
774 3926 942 3989 scribuntur,
971 3944 1059 3997 neque
1090 3944 1178 3997 ungue
1203 3926 1294 3980 frictio

212 4020 244 4055 ae
265 4001 336 4057 riam
358 3999 506 4072 plurimum
522 4002 610 4053 valere
623 4002 731 4057 nescim.
774 4004 929 4075 peragitur,
945 4002 992 4058 scd
1015 4023 1145 4058 manuum
1171 4005 1293 4076 injectu,
