2700 4800
208 339 252 423 ιβ
476 339 516 406 C.
540 338 711 407 PLINII
735 339 843 409 NAT.
869 339 999 411 HIST.

171 501 267 552 ‚sez
299 475 364 543 huc
399 495 480 566 ergo
519 469 650 556 dicitis,
683 469 855 540 Romani?
888 472 945 542 hic
981 473 1144 570 templum
1181 478 1275 549 Jovis

205 581 322 677 optimi
358 578 494 647 maximi
530 575 687 654 futurum
714 591 763 646 est
790 601 798 644 τ
835 579 891 647 liic
924 595 1025 674 caput
1055 583 1274 655 invenimus:

206 685 469 757 constantissima
485 680 666 752 Annalium
683 682 927 771 affirmatione,
945 688 1162 757 transiturum
1175 690 1277 760 fuisse

206 794 333 863 fatum
324 817 359 861 ιιι
371 790 556 874 Etruriam,
570 791 604 857 ui
618 791 805 884 premuniti
819 789 918 859 afilio
932 793 1016 862 vatis
1034 791 1132 888 legati
1146 798 1276 866 romani

207 897 486 995 respondissent:
520 919 588 963 non
618 894 716 1025 plane
751 895 824 982 hic,
856 895 914 965 sed
945 898 1063 968 Romae
1102 901 1275 972 inventurn

207 1019 310 1101 caput
337 1002 490 1072 dicimus
516 987 661 1070 lterum⁵
683 1000 717 1070 id
743 1001 902 1073 accidisse
930 1003 1085 1091 tradunt,
1114 1032 1218 1102 quum
1241 1011 1276 1078 in

206 1111 377 1204 fastigium
403 1107 550 1203 ejusdem
572 1105 702 1177 delubri
727 1093 938 1202 praeparatae⁶
963 1110 1132 1207 quadrigar
1157 1112 1277 1184 fictiles

207 1219 242 1285 in
269 1216 405 1286 fornace
430 1214 639 1284 crevissent
668 1228 702 1282 et
726 1216 846 1285 iterum
868 1213 966 1283 simili
987 1216 1088 1287 modo
1109 1233 1276 1290 retentum

206 1324 397 1442 augurium.
419 1323 500 1389 Haec
521 1321 598 1388 satis
620 1320 708 1404 sint,
727 1319 885 1414 exemplis
904 1335 943 1390 ut
963 1339 1144 1417 appareat,
1164 1339 1278 1396 osten·

208 1444 320 1500 torum
339 1429 426 1496 vires
441 1440 475 1495 et
493 1427 657 1495 innostra
674 1440 836 1520 potestate
857 1451 952 1497 esse·
969 1453 1009 1498 ac
1025 1446 1125 1524 prout
1138 1457 1279 1526 quaeque

208 1549 346 1630 accepta
362 1535 442 1614 sint,
461 1533 507 1601 ita
524 1529 644 1600 valere.
659 1534 701 1599 ln
716 1557 881 1654 augurum
898 1548 988 1604 certe
1006 1535 1179 1654 disciplina
1194 1563 1278 1607 con·

206 1657 274 1712 stat
279 1664 414 1734 ,neque
437 1637 524 1706 diras
534 1662 670 1732 ,neque
692 1637 758 1706 ulla
781 1641 926 1735 auspicia
944 1643 1110 1736 pertinere
1136 1641 1178 1712 ad
1203 1669 1279 1732 eos,

207 1751 266 1844 qui
280 1770 445 1844 quamque
467 1770 536 1813 rem
555 1743 794 1838 ingredientes,
813 1747 1007 1817 observare⁷
1027 1774 1061 1818 se
1076 1774 1114 1819 ea
1135 1774 1279 1844 negave-

252 1960 277 2013 5.
312 1960 410 2012 lterum.
444 1957 561 2010 Currum
596 1954 719 2026 figlinum
764 1952 909 2013 Plutarcho
937 1960 965 2013 in
993 1961 1141 2030 Poplicola.
1172 1963 1278 2019 Victor.

208 2040 305 2096 Tuscis
318 2037 460 2109 opificibus
481 2036 557 2089 Jovis
576 2034 721 2106 Capitolini
765 2038 812 2090 lib.
821 2040 912 2104 XVII,
922 2059 946 2093 c.
960 2041 1104 2096 rfl.l*'estus
1114 2044 1142 2096 iu
1151 2062 1218 2097 voce
1226 2045 1281 2097 da·

209 2120 316 2191 fastigio
342 2113 534 2187 imponendum
559 2115 723 2186 Tarquinius
766 2121 987 2172 temeramus.

210 2202 328 2258 locarat,
343 2198 391 2269 qui
412 2196 439 2248 in
458 2195 606 2248 lorriacein
623 2207 721 2247 tantam
809 2217 835 2268 7.
862 2199 1003 2252 Observare.
1022 2201 1093 2268 Vel,
1112 2215 1143 2255 ut
1165 2203 1194 2255 in
1221 2203 1281 2257 aliis

210 2280 309 2336 molem
323 2276 451 2334 excrevit.
467 2275 515 2334 ὦςι
527 2275 595 2344 potr<
605 2274 724 2344 ίξαιριθῆ·
766 2275 904 2332 codicibus
916 2279 1027 2350 legitur,
1038 2281 1172 2334 obturasse
1181 2303 1215 2336 se.
1228 2284 1280 2336 vi·

211 2382 252 2415 ‚aa
268 2361 311 2416 τὴν
326 2356 410 2427 ὀροφὴν
428 2355 665 2424 ἀποσιιυαιαμίνιιν
680 2360 722 2406 τοῦ
766 2354 808 2410 dit
821 2356 892 2411 hunc
903 2360 1033 2412 Veterum
1047 2379 1147 2415 morem
1158 2363 1280 2431 Servius,

211 2441 329 2511 καμίνου,
344 2439 386 2489 sal
399 2441 449 2487 τῶν
463 2434 549 2502 τοίχων
564 2435 724 2504 asprarpstfs·
767 2434 802 2489 ad
816 2436 865 2489 hos
877 2439 997 2492 Maronis
1007 2459 1114 2499 remus.
1128 2442 1216 2495 statim
1227 2442 1281 2498 ini·

213 2542 279 2581 των,
290 2518 325 2571 ita
336 2527 365 2568 ut
374 2514 488 2567 fornacis
499 2513 585 2566 ahlato
594 2514 724 2579 culmine,
768 2517 807 2570 tio
819 2514 946 2571 AEneidos
963 2519 1002 2571 XI
1014 2537 1021 2572 :
1040 2546 1051 2567 ι
1063 2524 1159 2574 AEness
1174 2518 1281 2591 (quau-

213 2598 413 2674 pnrietihusque
430 2592 556 2663 dejectis,
573 2612 640 2664 tegre
658 2591 724 2646 edu·
768 2614 848 2668 quam
876 2609 903 2650 et
922 2598 999 2652 sociis
1022 2598 1086 2653 dare
1106 2613 1209 2672 tempus
1228 2603 1281 2655 hu·

212 2690 326 2735 emetur.
345 2675 377 2728 ld
392 2674 454 2745 quia
469 2674 554 2727 risum
570 2686 608 2726 est
622 2673 725 2727 va'tihus
768 2675 873 2728 mandis
885 2677 1053 2749 Praecipitant
1064 2681 1282 2742 cursaturhata·

144 2802 150 2815 .
214 2760 316 2814 celeste
342 2753 473 2808 felicitatis
492 2750 644 2823 prodigium
669 2753 720 2814 iis,
765 2774 819 2828 que
833 2756 926 2809 funere
940 2775 1013 2810 mens
1024 2757 1095 2821 este)
1111 2761 1181 2813 Vota
1193 2761 1281 2815 Βοιιιιι

213 2857 295 2912 penes
310 2854 378 2908 quos
389 2852 419 2887 ea
433 2831 562 2904 quadriga
576 2833 659 2896 foret,
675 2845 725 2885 sta·
766 2835 855 2906 primo
867 2835 952 2889 victor
959 2837 1078 2892 solvebat
1088 2839 1172 2893 Eou-
1190 2840 1281 2895 -Con-

214 2934 289 2974 tuere
300 2916 427 2970 Veientes
436 2912 725 2984 repetentibuslloma·
768 2913 881 2968 suetudo
891 2916 1021 2987 ‚,iuquit
1037 2920 1155 2972 Romana
1170 2919 1237 2986 fuit,
1250 2935 1282 2975 ut

214 3001 256 3053 nis
270 3017 325 3051 non
347 2993 468 3057 tradere,
483 2992 569 3064 inquit
589 2992 723 3045 Plutarch.
768 2994 864 3066 polluti
874 2995 1082 3051 funeremrnrrue
1093 2999 1281 3055 sacrificarent

214 3081 242 3133 in
263 3076 365 3148 Poplic.
386 3092 446 3146 pag.
466 3071 535 3137 ro3;
528 3089 614 3124 ·mox
636 3084 725 3123 tamen
768 3074 798 3128 Si
812 3086 900 3128 tamen
915 3077 1096 3154 contingeret
1116 3091 1145 3130 ut
1163 3098 1218 3132 ono
1234 3099 1282 3134 eo·

213 3159 269 3214 alio
287 3155 398 3226 augurio
416 3153 516 3214 territi,
540 3149 612 3221 quod
631 3151 723 3204 retuli·
769 3152 884 3224 demque
892 3168 1012 3229 ternpore
1022 3159 1197 3211 funestarctur
1207 3179 1281 3231 quis

215 3258 276 3292 mus
294 3236 375 3299 Vlll,
393 3233 445 3298 65,
459 3228 596 3284 dedidere.
613 3231 657 3283 Sic
678 3248 725 3300 ps·
770 3247 795 3286 et
815 3249 954 3305 cogeretur
971 3256 1079 3307 operam
1100 3235 1163 3289 dare
1182 3241 1283 3292 sacrifi·

215 3321 272 3382 nis,
283 3333 362 3388 quem
373 3311 550 3366 Macedonum
562 3328 653 3379 regma
665 3311 726 3362 Per
770 3314 835 3376 ciis,
847 3317 1000 3369 elaborabat
1012 3329 1040 3368 ut
1054 3328 1115 3368 ante
1126 3336 1198 3371 sacra
1210 3339 1284 3372 com

215 3400 297 3454 diccae
320 3393 419 3449 famulo
433 3392 577 3463 coquebat,
595 3408 679 3460 quum
697 3390 725 3442 in
773 3393 874 3463 pleret,
902 3413 982 3466 quum
1013 3396 1091 3448 funus
1121 3412 1282 3466 agnosceret.

216 3483 296 3534 furno
306 3485 449 3533 cresceret,
462 3470 546 3541 duplo
556 3472 727 3541 majorquam
772 3471 852 3525 Unde
865 3476 944 3526 etiam
959 3475 1086 3529 lloratius
1099 3477 1241 3543 Pulvillus,
1254 3479 1283 3530 in

216 3571 292 3623 erat,
307 3573 419 3626 regnum
435 3553 459 3604 ei
474 3548 627 3622 portendit,
647 3563 676 3602 ut
690 3561 730 3602 est
773 3552 899 3622 Capitolii
931 3553 1115 3618 dedicatione,
1140 3576 1224 3628 quum
1249 3560 1283 3610 ah

217 3651 310 3693 auctor
325 3631 454 3688 Herodot.
466 3630 582 3689 Urania,
598 3630 683 3693 Vlll,
698 3649 726 3681 n.
773 3631 887 3686 inimicis
907 3634 932 3687 ei
951 3636 1022 3688 lilius
1042 3637 1215 3689 nunciaretur
1239 3655 1284 3690 ex·

219 3719 370 3790 137‚pag.
397 3711 613 3775 508,Διπλτὶσιος
634 3712 729 3780 ἐγένιτο
774 3712 940 3779 stinctus,ut
954 3713 1062 3785 quidam
1077 3717 1284 3785 putaut‚fals0,

216 3799 291 3860 αὐτὸς
303 3798 401 3849 ἑωυτοῦ.
416 3792 507 3844 llario.
774 3792 876 3857 otalii,
887 3814 938 3864 pro
950 3812 1030 3860 rero,
1042 3795 1091 3857 ait,
1104 3796 1223 3849 Cadaver
1234 3796 1281 3850 sit:

258 3886 283 3932 6,
293 3870 643 3946 Prepamtoequadrigoe‚etc.
654 3869 728 3923 Hauc
772 3889 822 3923 nec
834 3873 918 3926 voluit
932 3874 1010 3925 funus
1024 3893 1183 3945 agnoscere,
1197 3876 1284 3929 donec

216 3958 353 4013 historiam
384 3949 446 4005 ride
470 3950 528 4002 fuse
554 3962 689 4002 narratam
712 3968 728 4002 a
772 3951 1024 4024 templadedicuret.
1038 3954 1191 4009 Secundum
1202 3975 1285 4028 quern
