2700 4800
415 357 572 426 LIBER
599 358 787 425 XXVIII.
1091 353 1137 440 45

116 492 214 563 VIII.
238 487 391 560 Morsus¹
411 490 556 559 hominis
582 491 669 560 inter
688 489 889 584 asperrimos
912 511 1047 583 quoque
1072 514 1137 560 nu·
1162 530 1172 563 ι

60 613 221 667 metatur.
242 597 424 666 Medentur
441 597 555 667 sordes
574 622 615 665 ex
635 596 784 666 auribus:
808 619 847 662 ac
862 618 904 662 ne
916 596 989 688 quis
1001 595 1140 666 miretur

61 706 162 773 etiarn
185 705 401 798 scorpionum
431 705 551 772 ictibus
581 704 871 798 serpentiumque,
901 703 1013 771 statim
1034 702 1141 797 impo-

60 813 141 883 sitae.
165 809 289 879 Melius
305 835 324 879 e
340 812 487 904 percussi
506 810 643 879 auribus
664 823 829 903 prosunt:
852 805 913 877 ita²
934 821 968 876 et
984 807 1141 877 reduvias

61 919 183 986 sanari.
213 919 424 1011 Serpentium
450 942 531 987 vero
559 919 680 1001 ictum,
710 915 842 985 contusi
864 914 971 984 dentis
1000 914 1138 986 humaui

61 1023 183 1093 sarius.

114 1132 182 1201 lx.
215 1127 381 1224 Capillus¹
412 1153 617 1224 puerorum,
650 1129 709 1222 qui
735 1131 881 1222 primum
914 1127 1044 1197 decisus
1072 1142 1174 1211 est‚1

61 1235 222 1330 padagrte
251 1237 395 1330 impetus
426 1234 549 1305 dicitur
577 1233 688 1304 levare
723 1232 995 1328 circumligatus:
1027 1230 1077 1303 et²
1108 1236 1140 1303 in

62 1357 171 1411 totum
192 1327 404 1436 impubium³
427 1342 612 1436 impositus.
643 1328 823 1411 Virorum4
847 1365 981 1434 quoque
1004 1339 1141 1434 capillus

62 1533 186 1602 glories
207 1546 282 1605 tergo
299 1532 451 1597 carnifex.»
469 1533 537 1584 Nam
553 1532 582 1585 iu
629 1532 716 1598 Quam
739 1551 804 1585 vero
831 1531 934 1601 puerile
967 1550 981 1585 e
1006 1533 1143 1595 cerumine

63 1613 259 1684 triumphantes
290 1612 408 1665 convitia
437 1614 580 1683 jactabant.
627 1612 799 1682 pharmacum
813 1610 1019 1665 existimandum
1033 1614 1083 1679 sit,
1100 1614 1142 1667 vix

63 1694 202 1745 Bmtrrru
219 1694 307 1763 glorio
315 1695 444 1761 sortarsmrs
459 1690 538 1757 dicit,
553 1690 582 1744 id
626 1689 775 1745 monendus
785 1711 821 1744 es.
835 1695 881 1744 Aa.

64 1785 117 1837 est,
130 1774 289 1844 propitiam.
305 1773 410 1826 Dine.
667 1791 694 1824 s.
715 1773 764 1824 Itu.
787 1773 927 1825 Abscessus
950 1772 1020 1824 circa
1040 1770 1143 1825 radices

101 1853 179 1905 VIII.
200 1871 227 1906 1.
250 1852 356 1904 Moram.
379 1851 448 1904 Cels.
470 1851 582 1914 XXVI,
625 1851 771 1922 unguium,
784 1851 872 1904 Latini
889 1849 1012 1904 reduvias
1028 1864 1141 1916 voosnt,

67 1951 118 2002 ²7²
137 1958 149 1979 ι
161 1931 308 2002 Sequitur,
324 1943 355 1983 ut
375 1928 409 1983 de
423 1928 582 1985 vulderibus
624 1931 711 1984 Graeci
726 1931 893 2003 παρωνυχίαν.
909 1931 1019 1984 Festus:
1036 1956 1047 1978 ι
1060 1931 1141 1985 Redi·

64 2011 147 2065 diesru
157 2051 167 2079 ‚
177 2031 239 2083 quas
249 2030 340 2063 morsu
351 2010 435 2075 fiunt,
446 2009 581 2065 interdum
624 2012 699 2065 vis...
712 2013 822 2064 morbus
832 2023 885 2075 est,
896 2029 979 2081 quum
990 2011 1058 2064 cutis
1068 2024 1141 2065 ertrr

64 2091 197 2155 bominis,
222 2089 357 2143 interdurn
384 2089 485 2152 simiae,
511 2108 581 2161 sepe
625 2089 1141 2161 unguessesolvit‚quiarediviresol·

65 2172 162 2224 nnis...
182 2171 280 2224 Omnis
297 2182 388 2223 autem
407 2172 464 2224 fere
479 2188 582 2222 morsus
625 2189 688 2223 vere
707 2183 783 2223 est.»
806 2168 932 2241 Ejusdem
954 2168 1141 2224 medicamenti

64 2251 141 2304 babet
154 2249 293 2322 quoddam
307 2250 409 2301 virus·
435 2250 504 2302 Plin.
520 2251 579 2302 Val.
624 2251 746 2303 meminit
765 2263 791 2303 et
811 2252 895 2303 Mare.
910 2249 989 2319 Emp.
1012 2252 1061 2314 18,
1079 2269 1140 2321 pag.

65 2332 117 2397 111,
135 2331 193 2401 57:
211 2328 357 2383 «Hominis
374 2329 505 2382 morsui...
524 2348 580 2381 sor·
628 2333 679 2381 108
697 2349 705 2382 s
728 2356 739 2378 ι
752 2330 926 2398 Paronyrhiae
937 2341 1037 2382 stercus
1050 2348 1080 2381 ex
1094 2348 1140 2382 au·

64 2409 107 2463 des
123 2429 158 2463 ex
174 2409 297 2462 bumadis
313 2408 424 2461 auribus
439 2409 581 2461 illinuntur
623 2409 849 2479 riculisimpone‚
860 2423 886 2463 et
899 2410 1037 2461 linteolum
1051 2429 1142 2480 super·

65 2490 155 2561 plage.
168 2515 180 2538 ι
197 2491 333 2543 Ηιιιι).-
340 2489 436 2540 Morsus
448 2490 579 2541 bominis...
623 2486 717 2559 alliga,
732 2490 861 2541 mirabere
875 2486 1057 2542 remedium.»
1075 2489 1110 2542 H.

65 2581 207 2622 mutatur.
219 2569 241 2621 E
251 2569 404 2621 recentibus
414 2575 516 2623 Brcusr
527 2587 580 2620 cre·
664 2570 713 2621 IX.
731 2586 755 2628 r.
772 2570 891 2639 Cupidus.
906 2567 1030 2623 Totidem
1051 2570 1141 2622 verbis

65 2647 128 2702 didit
136 2650 184 2703 rix
196 2667 292 2701 morsu
307 2648 520 2701 amentisam'ore
532 2649 580 2700 ali·
623 2649 705 2701 Marc.
727 2649 805 2720 Emp.
824 2651 877 2713 36,
899 2669 958 2720 pag.
981 2654 1047 2711 246.
1069 2650 1139 2703 Sext.

66 2727 128 2798 quid
150 2746 285 2781 uenenum
303 2728 402 2781 stillare
426 2729 455 2779 in
472 2728 578 2780 vulnus.
624 2730 690 2780 Plat.
711 2729 805 2799 17‚de
820 2748 920 2800 puero,
937 2730 977 2781 tit.
991 2736 1021 2791 3,
1037 2727 1079 2780 Ad
1090 2748 1141 2800 po·

65 2809 102 2861 De
120 2808 215 2861 multis
227 2826 289 2861 sane
302 2806 332 2860 id
345 2826 499 2878 persuasum
514 2809 580 2859 olim
622 2807 748 2879 degram:
765 2810 862 2861 «Pueri
873 2808 952 2881 primi
965 2809 1079 2880 capillis
1093 2828 1140 2861 na·

65 2887 179 2942 habuere
216 2887 280 2940 ieris
312 2887 420 2940 salivam
459 2887 579 2956 illapsam
623 2890 723 2941 tivitate
735 2890 755 2940 si
768 2888 879 2959 pedibus
889 2890 1041 2942 dolentibus
1054 2888 1140 2956 impo-

64 2969 256 3040 plagatam,
269 2966 426 3037 malignam,
438 2980 465 3020 et
476 2986 579 3020 veneno
623 2970 665 3021 siti
686 2969 801 3033 tuerint,
822 2971 1018 3022 sanabuntur.»
1044 2967 1079 3018 Η.
1100 3000 1140 3010 --

64 3066 169 3118 parem3
182 3045 256 3118 quod
271 3047 362 3117 primo
381 3047 490 3118 quidem
506 3047 579 3117 cogi·
624 3049 734 3119 Capillus
741 3067 877 3117 puerorum,
888 3062 938 3102 etc.
951 3049 1017 3112 Quae
1026 3065 1141 3117 sequun-

64 3128 172 3181 undum
191 3128 244 3180 suit
265 3127 432 3186 intuentibus
455 3145 516 3198 quae
536 3128 579 3178 su·
623 3142 666 3180 tur
687 3128 783 3179 fabulis
803 3129 881 3181 etiarn
906 3127 1033 3198 propiora
1055 3145 1138 3199 quam

64 3222 132 3262 resta
171 3226 244 3277 saepe
276 3207 424 3278 simplicem
458 3225 578 3259 morsum
622 3208 666 3260 illa
688 3218 746 3278 quae
771 3208 846 3279 prius
872 3209 990 3260 fabulosa
1019 3208 1138 3261 attexuit.

63 3287 300 3359 consequebantur.
310 3285 362 3339 Sed
372 3305 444 3340 nune
452 3286 579 3338 convenit
623 3289 704 3340 Notas
717 3289 799 3358 igitur
808 3291 862 3357 jam
877 3289 983 3341 inutiles
997 3287 1139 3342 adumbra-

64 3369 128 3422 inter
151 3368 265 3420 istarum
284 3385 375 3419 rarum
395 3367 495 3438 peritos
517 3367 579 3419 satis
623 3369 676 3420 turi
691 3387 748 3420 non
768 3387 874 3431 sumus,
889 3368 938 3420 nisi
964 3386 1048 3440 quum
1071 3368 1139 3420 torte

63 3466 113 3500 esse
128 3445 164 3499 ad
179 3448 238 3499 bauo
251 3445 384 3517 gignenda
398 3459 424 3498 et
438 3447 581 3499 veliemeu·
621 3447 722 3519 aliquid
735 3466 827 3500 verum
840 3450 963 3502 occurrit.
975 3451 1022 3502 As.

63 3528 126 3581 tiore
135 3530 191 3580 ictu
200 3527 313 3580 Iaoeratu
324 3538 411 3580 cutem
422 3540 446 3578 et
456 3526 578 3579 laesiones
665 3547 689 3580 a.
706 3530 750 3579 Et.
766 3527 800 3579 Et
814 3529 936 3581 universe
952 3529 1076 3582 omnium
1088 3533 1140 3599 im.

64 3608 144 3661 varias
170 3606 376 3672 flosculorum,
405 3606 576 3666 terdonam,
621 3606 1138 3680 pubiumeapillusimpositusjnvat.H.

64 3705 222 3751 nervorum,
243 3688 433 3749 vasculorum,
451 3687 535 3738 immo
555 3699 581 3739 et
667 3686 693 3739 3.
711 3687 852 3757 Impabium.
870 3689 914 3741 Sic
931 3689 1018 3750 Naso,
1038 3693 1140 3758 impubi-

63 3768 173 3829 ossinm,
190 3766 316 3839 inprimis
333 3766 355 3818 si
375 3783 485 3835 magnus
501 3778 580 3835 atque
625 3766 668 3817 bus
681 3770 768 3829 annis,
784 3768 891 3820 Metam.
906 3756 959 3831 lx,
978 3772 1044 3833 418.
1058 3771 1093 3823 H.

65 3847 142 3899 uatus
157 3847 241 3900 bostis
259 3846 384 3910 resultet,
406 3847 494 3917 qualis
510 3866 535 3896 ι’.
553 3864 578 3915 g.
667 3854 693 3908 ά.
711 3849 824 3898 Virorum
836 3868 927 3918 qnoque
940 3850 1048 3918 caprilios.
1067 3852 1140 3902 Hab-

65 3939 104 3977 aut
114 3928 247 3981 molossus
258 3927 288 3979 in
302 3926 420 3979 furorem
433 3939 521 3987 actus,
533 3937 580 3977 aut
625 3925 814 3979 ‹larrahmanus
828 3929 984 4001 AEgyptins,
993 3930 1141 4002 interprete

65 4023 144 4074 equus
157 4009 204 4078 qui
215 4006 259 4060 vel
271 4006 342 4060 sams
351 4007 512 4061 laboraverit
522 4003 580 4059 diu.
625 4007 805 4070 Eecbellensi,
822 4027 846 4060 e.
870 4027 880 4059 ι
893 4047 900 4071 ,
917 4028 944 4061 ιι.
964 4009 978 4062 5
991 4027 998 4060 τ
1021 4037 1031 4055 ·
1043 4012 1141 4081 Capilli
