2700 4800
193 365 234 411 ta
462 344 501 411 C.
524 343 691 411 PLlNll
717 345 826 413 NAT.
852 345 981 413 HIST.

187 498 252 567 que
264 457 287 497 ¹⁵
303 473 462 542 memoria
480 474 618 567 insigni,
640 477 769 568 quoties
789 477 870 571 ipsse
889 460 1001 545 dirae¹⁶
1023 476 1254 572 obstrepentes

187 579 378 663 nocuerint,
394 580 565 672 quotiesve
584 583 731 673 precatio
753 583 934 651 erraveritt
956 584 1003 650 sic
1018 598 1154 678 repente
1169 587 1254 653 extis

187 685 287 753 adimi
298 684 321 724 ¹7
346 686 455 778 capita
478 683 530 754 vel
552 686 670 770 corda,
696 701 754 756 aut
782 689 942 783 geminari
968 689 1103 757 victima
1120 703 1252 759 'stante

153 802 170 853 3
188 776 332 860 Durat¹³
346 793 507 859 immenso
528 791 680 888 exemplo
698 787 879 863 Deciorum
901 795 1004 888 patris
1024 793 1165 890 filiique,
1185 820 1254 890 quo

188 921 224 967 se
246 897 424 983 devovere,
438 920 573 966 carmen
582 896 617 966 ¹⁹.
638 898 786 969 Exstat²⁰
801 901 932 970 Tucciae
954 898 1099 970 Vestalis
1121 902 1255 971 incestae

185 1110 213 1151 et
229 1109 338 1151 avertat.
356 1100 457 1151 Danae.
473 1130 512 1141 -
527 1099 692 1152 Exaudiatur.
784 1119 831 1171 ¹9·
853 1101 964 1154 carmen.
990 1099 1127 1167 Precatio,
1149 1118 1202 1172 qna
1226 1120 1255 1153 se

186 1178 228 1230 ab
245 1195 278 1230 eo
290 1176 337 1249 qni
355 1196 427 1230 sacra
446 1178 547 1249 peragit
558 1197 566 1232 t
579 1197 614 1231 ne
630 1178 695 1250 quid
740 1178 848 1233 devovit
860 1178 895 1232 ad
909 1179 1029 1233 Veserim
1047 1179 1144 1232 Decius
1160 1192 1253 1252 pater,

186 1268 302 1310 mentem
319 1258 376 1328 ejus
393 1276 407 1309 a
423 1258 575 1328 precatione
594 1271 695 1312 avocet.
740 1271 822 1313 exstat
835 1257 905 1330 opud
921 1258 981 1311 Liv.
996 1257 1087 1312 decad.
1106 1260 1254 1324 1,l.VIII.

230 1335 274 1390 15.
290 1337 405 1408 Utroque.
417 1337 464 1388 Est
473 1335 538 1388 illud
551 1350 697 1409 struesque
740 1336 844 1392 Eodem
860 1337 993 1403 carmine,
1006 1335 1053 1390 sed
1064 1335 1173 1408 adjectis
1185 1356 1253 1409 prm·

187 1434 250 1469 sane
274 1414 385 1486 dignum
408 1417 552 1480 memoria;
576 1429 697 1470 notatum
743 1429 813 1472 teres
822 1415 980 1489 quibusdam
991 1418 1214 1472 exsecrationibus
1222 1436 1255 1470 ac

187 1496 589 1565 inAnnalibusesse,quoties,
603 1497 696 1550 stell.
741 1495 860 1550 dirarum
884 1496 978 1561 minis,
1000 1496 1073 1549 filins
1093 1515 1120 1549 se
1143 1494 1255 1550 devovit
1346 1500 1348 1505 ’

231 1576 440 1647 16.1psoedirae.
459 1576 497 1628 Ut
513 1577 607 1629 Crasso
624 1575 697 1647 apud
742 1575 812 1648 apud
837 1575 961 1629 eumdem
985 1589 1136 1641 auctorem,
1157 1576 1203 1630 lib.
1226 1576 1267 1653 X·

188 1653 368 1717 Ciceronem,
395 1653 429 1708 de
454 1655 570 1708 Divinat.
596 1654 643 1709 lib.
673 1657 696 1708 Ι.
741 1655 858 1726 ejusdem
873 1653 965 1708 decad.
982 1654 1064 1725 Apud
1084 1656 1191 1709 cccco·
1208 1673 1253 1707 ea·

188 1734 292 1788 Dsnnc.
306 1765 347 1779 ·-·
362 1736 471 1804 Quoties.
489 1735 540 1786 Vel
563 1735 629 1788 dirce
648 1735 699 1787 ob·
742 1733 802 1788 dem
822 1735 920 1805 pietate
935 1752 997 1804 erga
1017 1733 1129 1804 patriam
1150 1736 1254 1788 stene-

188 1832 327 1885 soenteque
338 1813 478 1866 volucres:
493 1814 534 1866 vel
548 1815 700 1867 exsecratio·
741 1832 803 1867 cens
818 1815 941 1868 Creontis
960 1812 1030 1866 lilius
1045 1815 1127 1866 vitam
1144 1826 1171 1866 et
1190 1833 1252 1866 san-

188 1912 236 1947 nes
251 1895 356 1963 potius,
378 1905 408 1945 ut
428 1912 485 1965 cap.
500 1912 553 1965 seq.
568 1893 698 1965 imprcca·
741 1895 849 1964 guinem
864 1892 1000 1946 Thebanis
1013 1893 1066 1945 suis
1078 1892 1188 1965 largitus
1199 1906 1253 1957 est,

189 1973 342 2044 tionesque,
358 1991 416 2044 quae
432 1976 464 2025 ah
480 1973 594 2027 inimicis
609 1974 699 2026 aliun·
742 1972 883 2044 gladioque
904 1990 932 2025 se
957 1973 1110 2026 translixum
1130 1992 1146 2025 e
1168 1973 1254 2026 muris

189 2052 483 2118 debantnrhorrendas,
495 2051 559 2105 deos
568 2052 699 2123 quosdam
741 2053 904 2123 precipitem
922 2050 1014 2116 dedit,
1034 2065 1143 2105 anctore
1165 2053 1252 2106 Cicer.

189 2131 325 2185 inauditos
343 2132 585 2203 compellantibus,
602 2133 699 2204 quibus
742 2133 823 2186 Tusc.
848 2133 870 2184 1.
894 2131 1022 2202 Papinius
1041 2130 1176 2185 Thebaid.
1202 2132 1253 2185 X:

189 2211 352 2282 quicumque
379 2217 488 2266 devotus
513 2225 587 2276 erut,
606 2211 699 2265 crede·
745 2211 902 2283 «Sanguine
915 2229 987 2264 nunc
998 2211 1097 2282 spargit
1108 2223 1208 2275 turres,
1223 2230 1254 2265 ac

188 2292 269 2345 batur
298 2292 414 2344 maximo
442 2291 513 2344 affici
539 2291 698 2346 infortunio.
742 2292 838 2344 moenia
852 2288 1255 2362 lustrat,Seque'supermedias

189 2372 287 2425 Cicero
301 2370 334 2423 de
349 2371 466 2424 Dirinst.
485 2372 514 2436 I,
535 2387 609 2424 num.
636 2390 671 2440 ²9
691 2389 698 2424 :
743 2371 824 2430 acies,
835 2368 956 2422 nondum
971 2388 1032 2422 ense
1046 2369 1254 2433 remissolecit,

190 2451 248 2504 «M.
259 2452 353 2504 Crasso
363 2449 429 2521 quid
441 2449 567 2503 acciderit
575 2448 699 2518 vidimus,
743 2462 769 2502 et
779 2450 806 2502 in
816 2468 897 2502 sevos
905 2447 1000 2503 cadem
1008 2462 1048 2504 est
1055 2460 1165 2503 conatus
1175 2450 1256 2503 Aebi-

189 2529 309 2584 dirarum
324 2530 528 2584 obnuntiatione
542 2531 669 2600 neglecta.
684 2557 695 2579 ι
742 2547 800 2584 vos.
811 2557 822 2578 ι
840 2531 942 2582 Druse.

233 2629 280 2680 ¹7·
297 2610 384 2662 Adimi
402 2610 490 2680 capitu.
509 2636 520 2657 ι
532 2610 619 2679 Caput
634 2611 700 2681 jeci·
784 2607 1163 2671 so.Erstat.Tuuius,Tuoiam
1176 2623 1254 2662 vocat

190 2690 283 2755 noris,
298 2689 384 2761 inquit
406 2689 517 2754 Livius,
537 2708 553 2741 a
577 2689 700 2742 familiari
744 2689 824 2742 Dion.
848 2687 932 2741 Halic.
953 2690 1015 2741 Aut.
1031 2689 1077 2753 II,
1096 2704 1157 2758 pag.
1181 2707 1253 2756 129,

189 2782 371 2840 partecaesum
385 2767 701 2839 diciturarnspexosten-
743 2768 792 2821 nbi
810 2769 862 2821 hoc
879 2769 966 2840 ipsum
986 2766 1084 2834 refert,
1102 2764 1178 2838 quod
1198 2767 1253 2820 Pli-

189 2848 266 2903 tlisse.
278 2875 290 2896 ι
305 2850 393 2920 Caput
405 2846 449 2915 id,
461 2866 587 2901 venarum
599 2848 701 2921 hepatis
742 2847 811 2901 nius.
826 2847 888 2900 Vel.
902 2849 972 2900 Max.
987 2846 1068 2911 VIII,
1085 2836 1114 2913 i,
1126 2864 1201 2899 num.
1218 2847 1252 2909 5,

189 2941 301 2982 truncus
310 2943 361 2994 est,
371 2941 506 2999 autportae
516 2927 700 2998 ingredientis,
743 2945 803 2999 pag.
820 2926 893 2995 ³69:
912 2953 923 2974 ι
935 2924 1037 2979 Eodem
1054 2926 1144 2980 anxilii
1156 2944 1254 2997 genere

189 3021 237 3061 aut
260 3028 330 3061 carte
343 3051 345 3055 Α
359 3006 527 3080 prodeuntis.
555 3007 701 3063 Familiaris
743 3006 845 3059 Tuscis
856 3007 966 3079 virginis
975 3005 1088 3059 Vestalis
1097 3006 1192 3059 incesti
1202 3005 1254 3058 cri·

190 3106 252 3160 pars
262 3090 313 3141 luit
324 3092 437 3153 interior,
448 3107 545 3159 nempe
555 3107 632 3152 cava,
645 3090 700 3143 sire
743 3087 823 3139 minis
845 3105 897 3138 rear
920 3086 1024 3140 castitas
1045 3085 1160 3138 iuftmin
1180 3085 1254 3137 nube

190 3169 281 3221 sima:
305 3169 407 3221 hostilis
426 3172 544 3232 exterior,
570 3169 698 3221 nimirum
743 3166 881 3219 obscurata
890 3165 1082 3234 emersit:quae
1093 3163 1254 3217 couscientia

189 3248 279 3319 gibba.
298 3246 406 3318 Heputis
423 3246 508 3309 λὸὅους
521 3241 637 3313 (fibras),
649 3248 698 3300 Ci·
744 3258 823 3298 certas
834 3245 989 3299 sinceritatis
1000 3261 1066 3304 sues,
1079 3262 1152 3314 spem
1164 3243 1254 3297 salutis

190 3348 269 3388 cero,
284 3326 318 3379 de
332 3328 447 3380 Divinut.
460 3329 508 3380 lib.
526 3329 566 3387 11.
575 3326 699 3396 fissavo·
741 3325 853 3396 ancipiti
881 3335 1038 3396 argumento
1068 3340 1130 3375 ansa
1162 3336 1252 3392 petere

189 3421 241 3461 cat.
255 3406 327 3459 Vide
340 3407 425 3459 Turn.
438 3407 548 3460 Advers.
563 3426 585 3460 c.
606 3408 649 3472 18,
664 3407 699 3471 V,
743 3415 791 3458 est.
807 3406 923 3475 Arrepto
938 3403 1010 3455 enim
1029 3401 1138 3468 cribro,
1154 3403 1255 3468 Vesta,

190 3489 246 3553 x1,
260 3501 287 3541 et
300 3505 345 3555 ²7·
361 3488 462 3541 Daune.
743 3484 846 3555 inquit,
860 3483 881 3534 si
896 3482 976 3535 saeris
989 3481 1041 3535 tuis
1052 3498 1138 3535 sacras
1148 3500 1253 3552 semper
1317 3483 1321 3491 '

234 3568 274 3620 rs.
297 3567 389 3619 Durat.
406 3566 519 3619 Carmen
533 3584 587 3636 quo
602 3585 630 3619 se
646 3567 698 3618 De·
742 3562 850 3617 admovi
864 3581 971 3626 munus,
986 3561 1061 3615 effice
1076 3574 1105 3614 ut
1119 3561 1170 3612 boc
1184 3561 1252 3613 huu-

189 3646 247 3701 cins
271 3659 347 3718 puter
373 3645 497 3709 devovit,
523 3658 605 3699 exstat
628 3644 698 3716 opud
743 3642 810 3696 riam
825 3642 945 3694 eTiberi
960 3660 1072 3713 aquam,
1085 3653 1111 3692 et
1124 3641 1152 3693 in
1168 3638 1251 3693 edem

190 3727 249 3780 Liv.
264 3728 348 3792 VIII,
361 3745 421 3798 pag.
439 3720 504 3793 139,
518 3726 628 3778 alterum
644 3744 698 3796 quo
743 3734 814 3776 tuum
825 3722 965 3792 perieram.
976 3719 1107 3773 Audacter
1117 3732 1143 3772 et
1154 3732 1253 3772 temere

189 3806 275 3871 iilius,
287 3807 329 3872 X,
341 3826 370 3878 p.
387 3809 449 3860 180.
463 3805 697 3877 ll.-Durantque,
745 3803 821 3874 jactis
834 3803 903 3855 votis
918 3800 1076 3862 sucerdotis,
1092 3816 1182 3851 rerum
1198 3799 1255 3869 ipso

189 3887 311 3940 Gronov.
333 3900 360 3939 et
379 3887 470 3957 vulgg.
487 3886 570 3937 Dume
584 3884 657 3938 deest
675 3886 702 3937 in
746 3896 840 3937 natura
861 3881 966 3934 cessit.-
987 3879 1133 3932 Meminere
1153 3891 1178 3931 et
1198 3880 1255 3931 Au·

189 3968 281 4022 codice
296 3967 385 4019 Dalec.
746 3963 844 4033 guntin.
864 3958 898 4014 de
911 3959 969 4014 Cia.
985 3960 1051 4027 Dei,
1068 3959 1111 4024 X,
1130 3963 1175 4024 163
1189 3963 1254 4013 Ter-
