2700 4800
388 446 394 454 -
484 391 865 471 ursusxxvut.
1074 396 1076 400 ’
1164 401 1209 495 37
1301 411 1305 416 ·

137 533 243 620 malo,
265 547 303 601 ut
322 532 463 601 venefici
481 533 565 602 fiant
582 558 710 603 venena
733 536 828 629 passi.
846 534 1008 603 Remedio
1032 548 1100 620 est,
1120 533 1210 603 ablui

137 641 229 734 prius
251 662 371 708 manns
388 664 523 726 corum,
544 654 696 736 aquaque
714 639 768 709 illu
792 664 867 728 eos,
891 639 1013 735 quibus
1033 639 1211 727 medearis,

137 746 292 841 inspergi.
318 746 448 816 Rursus
470 770 489 814 n
510 748 686 842 scorpione
707 746 884 843 aliquando
912 747 1078 842 percussi,
1107 771 1208 814 num·
1229 761 1245 813 3

137 877 235 946 mam
260 866 377 947 postea
398 877 417 921 n
436 853 673 941 crabronibus,
698 855 827 948 vespis,
850 853 1010 948 apibusve
1034 852 1209 921 feriuntur.

138 960 252 1027 Minus
266 955 432 1028 miretur¹²
443 958 509 1029 hoc
527 962 583 1056 qui
599 963 692 1044 sciat,
706 975 833 1030 vestem
849 984 871 1028 a·
886 961 982 1029 tineis
998 984 1065 1027 non
1075 960 1211 1053 attingi,

138 1091 209 1160 quar
226 1065 380 1134 fueritin
399 1065 540 1135 lltnere:
560 1081 731 1161 serpentes
746 1092 833 1160 aegre
845 1051 868 1090 ¹³
884 1076 1105 1161 praeterquam
1128 1063 1210 1134 laeva

139 1196 239 1240 manu
262 1171 402 1241 extrahi.
416 1161 494 1264 (tv.)
520 1175 549 1241 E
570 1159 797 1267 Pytlragorae¹⁴
823 1173 964 1241 inventis
991 1196 1060 1239 non
1085 1185 1211 1240 temere

137 1277 270 1365 fallere,
290 1280 557 1373 impositivornm
579 1281 753 1349 nominum
774 1281 935 1375 imparem
958 1275 1124 1348 vocalium
1146 1303 1209 1347 nu·
1259 1356 1266 1364 ,

136 1488 240 1525 veneno
248 1483 352 1523 tanturn
362 1470 437 1523 virus
448 1489 504 1523 sese
515 1470 544 1523 iu
553 1489 651 1542 corpus
693 1491 748 1524 non
772 1485 871 1525 temere
884 1471 984 1524 fallere.
1007 1470 1088 1536 Quod
1113 1469 1209 1524 illud?

137 1551 267 1614 insinuat,
283 1563 312 1603 ut
326 1550 417 1603 omnis
430 1568 535 1603 veneno
550 1544 650 1604 deinde
693 1550 799 1622 Nempe
820 1563 903 1623 prout
916 1551 1099 1620 impositivnm
1121 1554 1208 1621 cnjus·

137 1631 184 1701 ipsi
203 1630 339 1694 inliciunt,
360 1632 406 1701 qni
425 1648 559 1682 venenum
573 1636 650 1684 ex'ce·
693 1650 747 1701 que
760 1650 858 1683 nomen
870 1630 1007 1684 vocalibus
1023 1641 1126 1683 constet
1135 1632 1208 1701 peri·

137 1729 197 1782 pere
211 1710 303 1764 semel
321 1709 415 1762 litun.
692 1711 744 1762 bus
759 1711 955 1781 imparibusve,
964 1710 985 1762 si
995 1709 1038 1762 cni
1049 1710 1167 1775 eveniat,
1178 1725 1208 1764 ut

177 1809 222 1844 υ.
250 1790 335 1842 Minus
355 1795 506 1841 miretur...
525 1792 648 1858 fueritin
691 1790 803 1844 claudus
822 1791 869 1843 tiss
885 1803 931 1843 aut
953 1791 1054 1854 cocles,
1073 1789 1204 1843 sinomeu

133 1871 224 1936 sunere.
240 1868 293 1922 Res
307 1869 371 1923 falsu
385 1870 496 1922 omnino
506 1867 649 1933 est,modo
692 1871 749 1942 ejus
762 1870 915 1940 impositivo
929 1869 983 1923 sint
999 1869 1113 1940 imperes
1128 1888 1207 1924 voca·

137 1947 169 2004 de
179 1950 221 2003 bis
230 1950 349 2003 restibus
361 1960 448 2002 mnino
467 1949 500 2001 sit
511 1967 602 2020 quasa
615 1949 649 2003 ti·
691 1948 845 2013 les,dextro
855 1948 924 2020 pede
931 1947 1058 2002 dandum
1070 1961 1116 2002 aut
1127 1949 1207 2002 oculo

137 2031 191 2083 neis
201 2028 339 2084 nummati
356 2030 464 2101 vulgare
478 2042 525 2082 est.
541 2030 588 2083 Αι.
692 2027 788 2082 dextro
801 2042 911 2101 captum
920 2030 993 2094 fore3
1003 2030 1024 2081 si
1037 2048 1113 2100 pares
1123 2029 1206 2083 luris.

178 2109 221 2163 13.
246 2109 372 2180 Seniemm
395 2129 473 2179 agre.
488 2142 514 2156 .·
545 2110 648 2162 extrahi.
695 2109 810 2173 Oculive,
832 2108 924 2164 Cbilll.
939 2120 965 2160 et
980 2110 1136 2173 Vossianus,
1149 2128 1204 2161 non

137 2189 256 2260 Utraque
275 2189 452 2242 extrahuntur
463 2207 532 2258 aegre
545 2228 552 2251 ‚
563 2207 648 2259 quum
692 2189 848 2242 oculorumve.
861 2188 987 2241 Gronov.
1004 2220 1043 2229 —
1055 2189 1206 2259 Pythagorae

137 2271 255 2323 omnium
266 2270 328 2339 'lere
343 2268 411 2321 cutis
423 2269 524 2322 lubrica
534 2269 567 2320 sit
572 2270 583 2332 '3
599 2287 649 2320 uec
692 2272 792 2320 inventis
801 2288 848 2320 noa
859 2269 1054 2335 temeresallere,
1064 2271 1205 2337 impositivo-

136 2367 187 2402 non
209 2349 376 2421 periculose,
396 2347 418 2401 si
439 2348 591 2417 viperinum
614 2348 649 2400 sit
692 2368 743 2400 rum
757 2355 877 2400 nominum
894 2352 1007 2419 imparem
1027 2347 1145 2408 vocalium
1158 2368 1205 2400 nu·

136 2433 284 2498 geuus.Aa.
627 2418 633 2431 ’
692 2429 1097 2494 merum,clauditates,oculornm
1112 2427 1205 2479 orbita-

177 2518 222 2575 14.
234 2509 387 2579 Pythagorae
395 2510 495 2560 inventis
506 2527 554 2559 noa
563 2519 649 2559 temere
692 2521 753 2573 tem,
764 2529 794 2560 aa
801 2509 891 2560 similes
906 2528 976 2560 casus
986 2509 1077 2574 dextris
1093 2511 1205 2577 assigna·

132 2590 227 2656 sallere.
247 2590 411 2651 Vossianus,
428 2614 438 2635 ι
451 2589 474 2639 Ε
489 2587 649 2658 Pythagoras
691 2609 716 2640 re
724 2588 852 2659 partibus,
861 2609 946 2659 parem
966 2590 1040 2640 lanu.
1061 2590 1092 2640 In
1106 2589 1205 2660 scripto

136 2670 315 2723 inventisnon
331 2681 431 2720 temere
445 2667 567 2720 saltere..
593 2667 647 2720 Ne·
690 2669 923 2739 exemplari,cum
939 2668 1127 2740 prepositione
1142 2668 1205 2720 ele·

136 2769 185 2820 que
194 2751 274 2803 aliter
287 2747 371 2801 codex
384 2745 545 2800 Ferdinandi
554 2747 645 2801 Nonii.
687 2749 768 2819 gitur,
779 2769 792 2799 e
803 2749 954 2818 Pythagora
975 2751 1085 2800 inventis.
1108 2747 1205 2800 Consi·

136 2829 211 2883 Ponit
222 2828 295 2883 idem
311 2825 548 2888 considerandum,
564 2846 597 2880 an
612 2827 647 2880 sit
689 2827 837 2890 derandum
854 2847 917 2880 vero
931 2847 965 2880 un
979 2829 1012 2882 sit
1025 2838 1163 2896 peccatum
1175 2827 1203 2878 in

136 2923 270 2979 peccatum
286 2909 314 2961 in
334 2908 402 2960 serie
420 2925 451 2959 ac
471 2896 647 2977 dispositione
688 2909 756 2962 serie
765 2906 1205 2979 etdispositioneverborumznnm

135 2989 432 3059 verborumiquantum
444 2988 514 3040 enirn
526 3005 647 3057 assequa-
688 3002 718 3041 ut
727 2990 878 3058 conjectura
886 3006 1023 3057 assequor,
1036 2985 1115 3038 scribi
1125 2983 1206 3039 debet

135 3082 175 3123 tur
190 3071 361 3141 conjectura,
382 3067 461 3120 scribi
481 3066 579 3119 debere
595 3067 647 3118 hoc
688 3069 740 3122 hoc
753 3081 869 3138 pacto:-
882 3064 1203 3138 EPythagorseinventis‚

134 3162 209 3220 pacto
220 3169 228 3202 ε
241 3176 252 3196 ι
262 3147 449 3219 EPythsgorae
461 3146 585 3211 inventis,
591 3165 647 3198 non
689 3166 743 3199 non
758 3160 857 3200 temere
877 3146 968 3199 fallere
984 3145 1202 3216 impositivornm

134 3244 232 3283 temere
249 3229 341 3281 fallere
362 3228 577 3298 impositivornm
597 3245 647 3278 no·
689 3227 830 3280 nominum
843 3224 1012 3289 clauditates,
1024 3225 1202 3278 oculorumve

134 3311 236 3362 minum
249 3306 407 3362 clauditates
417 3308 591 3359 oculorumve
602 3324 647 3358 or·
689 3306 848 3369 orbitatem,
864 3306 1006 3360 assimiles
1027 3324 1101 3358 casus
1115 3303 1202 3376 impe*-

134 3391 229 3442 bitates
247 3407 279 3441 ac
299 3387 398 3440 similes
411 3406 500 3451 casus,
516 3386 647 3455 imparem
679 3405 747 3439 ,rem
760 3388 891 3439 vocalium
908 3404 1050 3438 numerum
1058 3385 1157 3439 dextris
1167 3404 1206 3438 us·

134 3471 265 3524 vocalium
278 3485 421 3519 numerum
436 3465 553 3526 dextris,
570 3477 620 3518 etc.
633 3490 644 3511 ι
690 3466 793 3536 signare
813 3467 952 3537 pertibus,
975 3485 1066 3536 parem
1089 3464 1171 3519 laevis.
1188 3491 1200 3513 ι

134 3549 204 3616 Quid
215 3548 266 3602 sibi
279 3546 355 3610 velit,
366 3547 461 3617 ignoro
469 3568 475 3597 :
484 3545 550 3598 nibil
559 3559 648 3598 nutem
690 3547 841 3599 Prien-E
849 3546 1008 3618 Pythagora.
1020 3545 1204 3615 subintellige,

135 3630 160 3682 in
169 3630 259 3682 Plinio
272 3625 460 3698 trajiciendum
471 3645 525 3678 esse
536 3625 597 3677 satis
606 3643 647 3677 ac·
690 3631 768 3691 sciat,
781 3645 814 3679 ex
826 3624 997 3679 antecedente
1008 3624 1130 3696 periodo.
1144 3625 1204 3677 Un-

135 3705 647 3780 ceptumbabeo.1nitiumhujuscapitis
691 3704 725 3758 de
736 3707 845 3776 planum
859 3707 903 3769 fit,
916 3724 995 3776 quam
1007 3705 1131 3776 imperito
1143 3723 1203 3775 ege·

135 3788 257 3858 pendete
271 3788 325 3840 line
344 3783 529 3858 precedentis,
545 3786 646 3856 quippe
690 3786 745 3838 rint
755 3786 868 3838 Pliniani
883 3784 1013 3848 editores,
1024 3786 1070 3854 qui
1079 3785 1205 3838 distractu

137 3888 216 3939 quum
226 3867 646 3935 barumsectionumauctoripse
690 3878 850 3936 praepostere
870 3865 985 3919 auctoris
1010 3863 1157 3927 sententia,
1172 3866 1206 3917 ab

138 3968 188 4001 lton
207 3949 297 4002 luerit.
317 3947 451 4018 Intelliges
467 3946 548 4016 igitur
564 3943 645 4008 iude,
690 3945 732 3997 his
753 3946 841 3999 verbis
854 3964 957 3999 novum
972 3957 1055 4016 caput
1076 3944 1207 4016 auspicati

139 4026 649 4098 quisciatilludexinuentisPythagorsr
692 4037 763 4080 sunt.
781 4026 805 4078 E
820 4025 980 4098 Pythagora
1000 4043 1065 4078 vero
1090 4024 1208 4079 inventis

1004 4119 1047 4202 3³
