<?xml version="1.0" encoding="UTF-8"?>
<!DOCTYPE html PUBLIC "-//W3C//DTD XHTML 1.0 Transitional//EN"
    "http://www.w3.org/TR/xhtml1/DTD/xhtml1-transitional.dtd">
<html xmlns="http://www.w3.org/1999/xhtml" xml:lang="en" lang="en">
 <head>
  <title>
</title>
<meta http-equiv="Content-Type" content="text/html;charset=utf-8" />
  <meta name='ocr-system' content='tesseract 3.04.00' />
  <meta name='ocr-capabilities' content='ocr_page ocr_carea ocr_par ocr_line ocrx_word'/>
</head>
<body>
  <div class='ocr_page' id='page_1' title='image "bibliothecaclas64lemagoog_0051.png"; bbox 0 0 2700 4800; ppageno 0'>
   <div class='ocr_carea' id='block_1_1' title="bbox 211 386 1010 457">
    <p class='ocr_par' dir='ltr' id='par_1_1' title="bbox 211 386 1010 457">
     <span class='ocr_line' id='line_1_1' title="bbox 211 386 1010 457; baseline -0.004 0"><span class='ocrx_word' id='word_1_1' title='bbox 211 388 257 457; x_wconf 69' lang='lat'>38</span> <span class='ocrx_word' id='word_1_2' title='bbox 487 386 526 455; x_wconf 85' lang='lat' dir='ltr'>C.</span> <span class='ocrx_word' id='word_1_3' title='bbox 554 389 722 456; x_wconf 89' lang='lat' dir='ltr'>PLINII</span> <span class='ocrx_word' id='word_1_4' title='bbox 747 388 854 455; x_wconf 81' lang='lat' dir='ltr'>NAT.</span> <span class='ocrx_word' id='word_1_5' title='bbox 882 388 1010 456; x_wconf 89' lang='lat' dir='ltr'>HIST.</span> 
     </span>
    </p>
   </div>
   <div class='ocr_carea' id='block_1_2' title="bbox 125 514 1288 2184">
    <p class='ocr_par' dir='ltr' id='par_1_2' title="bbox 125 514 1288 2184">
     <span class='ocr_line' id='line_1_2' title="bbox 211 514 1285 608; baseline -0.002 -17"><span class='ocrx_word' id='word_1_6' title='bbox 211 521 361 602; x_wconf 83' lang='lat' dir='ltr'>inarum,</span> <span class='ocrx_word' id='word_1_7' title='bbox 383 520 593 607; x_wconf 81' lang='lat' dir='ltr'><strong>clauditates,</strong></span> <span class='ocrx_word' id='word_1_8' title='bbox 613 519 744 590; x_wconf 89' lang='lat' dir='ltr'><strong>oculive</strong></span> <span class='ocrx_word' id='word_1_9' title='bbox 765 519 965 608; x_wconf 78' lang='lat' dir='ltr'>orbitatem,</span> <span class='ocrx_word' id='word_1_10' title='bbox 986 544 1025 588; x_wconf 91' lang='lat' dir='ltr'>ac</span> <span class='ocrx_word' id='word_1_11' title='bbox 1046 518 1167 588; x_wconf 86' lang='lat' dir='ltr'><strong>similes</strong></span> <span class='ocrx_word' id='word_1_12' title='bbox 1180 514 1285 589; x_wconf 49' lang='lat' dir='ltr'>‘casus</span> 
     </span>
     <span class='ocr_line' id='line_1_3' title="bbox 211 623 1285 722; baseline -0.001 -26"><span class='ocrx_word' id='word_1_13' title='bbox 211 628 334 697; x_wconf 80' lang='lat' dir='ltr'>dextris</span> <span class='ocrx_word' id='word_1_14' title='bbox 354 627 524 720; x_wconf 83' lang='lat' dir='ltr'>assignare</span> <span class='ocrx_word' id='word_1_15' title='bbox 544 627 711 721; x_wconf 86' lang='lat' dir='ltr'>partibus,</span> <span class='ocrx_word' id='word_1_16' title='bbox 729 650 844 722; x_wconf 90' lang='lat' dir='ltr'>parem</span> <span class='ocrx_word' id='word_1_17' title='bbox 860 624 961 695; x_wconf 79' lang='lat' dir='ltr'>laevis.</span> <span class='ocrx_word' id='word_1_18' title='bbox 984 628 1111 695; x_wconf 91' lang='lat' dir='ltr'>Ferunt</span> <span class='ocrx_word' id='word_1_19' title='bbox 1130 623 1285 695; x_wconf 86' lang='lat' dir='ltr'>difficiles</span> 
     </span>
     <span class='ocr_line' id='line_1_4' title="bbox 180 731 1285 829; baseline -0.004 -26"><span class='ocrx_word' id='word_1_20' title='bbox 180 817 182 821; x_wconf 6' lang='grc' dir='ltr'><strong><em>ἢ</em></strong></span> <span class='ocrx_word' id='word_1_21' title='bbox 210 748 327 829; x_wconf 86' lang='lat' dir='ltr'>partus</span> <span class='ocrx_word' id='word_1_22' title='bbox 341 734 451 802; x_wconf 88' lang='lat' dir='ltr'>statim</span> <span class='ocrx_word' id='word_1_23' title='bbox 466 731 567 815; x_wconf 89' lang='lat' dir='ltr'>solvi,</span> <span class='ocrx_word' id='word_1_24' title='bbox 583 757 686 828; x_wconf 91' lang='lat' dir='ltr'>quum</span> <span class='ocrx_word' id='word_1_25' title='bbox 700 734 774 828; x_wconf 86' lang='lat' dir='ltr'>quis</span> <span class='ocrx_word' id='word_1_26' title='bbox 788 746 932 818; x_wconf 91' lang='lat' dir='ltr'>tectum,</span> <span class='ocrx_word' id='word_1_27' title='bbox 946 733 980 800; x_wconf 93' lang='lat' dir='ltr'>in</span> <span class='ocrx_word' id='word_1_28' title='bbox 994 756 1062 827; x_wconf 88' lang='lat' dir='ltr'>quo</span> <span class='ocrx_word' id='word_1_29' title='bbox 1078 732 1120 801; x_wconf 92' lang='lat' dir='ltr'>sit</span> <span class='ocrx_word' id='word_1_30' title='bbox 1134 731 1285 826; x_wconf 82' lang='lat' dir='ltr'>gravida,</span> 
     </span>
     <span class='ocr_line' id='line_1_5' title="bbox 211 835 1286 934; baseline -0.003 -25"><span class='ocrx_word' id='word_1_31' title='bbox 211 836 429 921; x_wconf 64' lang='lat' dir='ltr'>transmiserit</span> <span class='ocrx_word' id='word_1_32' title='bbox 445 836 571 934; x_wconf 88' lang='lat' dir='ltr'>lapide,</span> <span class='ocrx_word' id='word_1_33' title='bbox 587 838 640 909; x_wconf 86' lang='lat' dir='ltr'>vel</span> <span class='ocrx_word' id='word_1_34' title='bbox 663 838 795 925; x_wconf 87' lang='lat' dir='ltr'>missili,</span> <span class='ocrx_word' id='word_1_35' title='bbox 814 864 856 909; x_wconf 89' lang='lat' dir='ltr'>ex</span> <span class='ocrx_word' id='word_1_36' title='bbox 876 839 952 925; x_wconf 89' lang='lat' dir='ltr'>his,</span> <span class='ocrx_word' id='word_1_37' title='bbox 971 839 1027 932; x_wconf 91' lang='lat' dir='ltr'>qui</span> <span class='ocrx_word' id='word_1_38' title='bbox 1048 839 1111 906; x_wconf 90' lang='lat' dir='ltr'>tria</span> <span class='ocrx_word' id='word_1_39' title='bbox 1130 835 1286 906; x_wconf 90' lang='lat' dir='ltr'>animalia</span> 
     </span>
     <span class='ocr_line' id='line_1_6' title="bbox 213 945 1284 1040; baseline -0.005 -24"><span class='ocrx_word' id='word_1_40' title='bbox 213 945 349 1040; x_wconf 84' lang='lat' dir='ltr'>singulis</span> <span class='ocrx_word' id='word_1_41' title='bbox 369 945 488 1014; x_wconf 87' lang='lat' dir='ltr'>ictibus</span> <span class='ocrx_word' id='word_1_42' title='bbox 513 945 760 1031; x_wconf 85' lang='lat' dir='ltr'>interfecerint,</span> <span class='ocrx_word' id='word_1_43' title='bbox 780 945 969 1031; x_wconf 90' lang='lat' dir='ltr'>hominem,</span> <span class='ocrx_word' id='word_1_44' title='bbox 997 968 1134 1038; x_wconf 85' lang='lat' dir='ltr'>aprum,</span> <span class='ocrx_word' id='word_1_45' title='bbox 1155 968 1284 1013; x_wconf 88' lang='lat' dir='ltr'>ursum.</span> 
     </span>
     <span class='ocr_line' id='line_1_7' title="bbox 179 1037 1287 1144; baseline -0.004 -20"><span class='ocrx_word' id='word_1_46' title='bbox 179 1079 193 1124; x_wconf 82' lang='lat' dir='ltr'>t</span> <span class='ocrx_word' id='word_1_47' title='bbox 213 1049 419 1122; x_wconf 84' lang='lat' dir='ltr'>Probabilius</span> <span class='ocrx_word' id='word_1_48' title='bbox 435 1050 469 1120; x_wconf 95' lang='lat' dir='ltr'>id</span> <span class='ocrx_word' id='word_1_49' title='bbox 485 1051 565 1121; x_wconf 85' lang='lat' dir='ltr'>facit</span> <span class='ocrx_word' id='word_1_50' title='bbox 577 1037 706 1122; x_wconf 86' lang='lat' dir='ltr'>hasta¹⁵</span> <span class='ocrx_word' id='word_1_51' title='bbox 721 1048 882 1134; x_wconf 79' lang='lat' dir='ltr'>velitaris,</span> <span class='ocrx_word' id='word_1_52' title='bbox 903 1047 1050 1120; x_wconf 88' lang='lat' dir='ltr'>evulsae</span> <span class='ocrx_word' id='word_1_53' title='bbox 1064 1074 1206 1144; x_wconf 88' lang='lat' dir='ltr'>corpore</span> <span class='ocrx_word' id='word_1_54' title='bbox 1224 1049 1287 1120; x_wconf 91' lang='lat' dir='ltr'>ho·</span> 
     </span>
     <span class='ocr_line' id='line_1_8' title="bbox 125 1140 1286 1253; baseline 0 -28"><span class='ocrx_word' id='word_1_55' title='bbox 125 1198 130 1215; x_wconf 69' lang='lat'>=</span> <span class='ocrx_word' id='word_1_56' title='bbox 212 1159 327 1246; x_wconf 91' lang='lat' dir='ltr'>minis,</span> <span class='ocrx_word' id='word_1_57' title='bbox 352 1157 380 1225; x_wconf 91' lang='lat' dir='ltr'>si</span> <span class='ocrx_word' id='word_1_58' title='bbox 395 1171 520 1226; x_wconf 90' lang='lat' dir='ltr'>terram</span> <span class='ocrx_word' id='word_1_59' title='bbox 541 1182 610 1227; x_wconf 90' lang='lat' dir='ltr'>non</span> <span class='ocrx_word' id='word_1_60' title='bbox 632 1159 787 1253; x_wconf 85' lang='lat' dir='ltr'>attigerit.</span> <span class='ocrx_word' id='word_1_61' title='bbox 807 1156 953 1226; x_wconf 85' lang='lat' dir='ltr'>Eosdem</span> <span class='ocrx_word' id='word_1_62' title='bbox 975 1157 1063 1226; x_wconf 89' lang='lat' dir='ltr'>enim</span> <span class='ocrx_word' id='word_1_63' title='bbox 1089 1154 1180 1224; x_wconf 90' lang='lat' dir='ltr'>illata</span> <span class='ocrx_word' id='word_1_64' title='bbox 1190 1140 1214 1188; x_wconf 80' lang='lat'>¹⁶</span> <span class='ocrx_word' id='word_1_65' title='bbox 1236 1156 1286 1225; x_wconf 85' lang='lat' dir='ltr'>ef·</span> 
     </span>
     <span class='ocr_line' id='line_1_9' title="bbox 212 1260 1285 1359; baseline -0.001 -27"><span class='ocrx_word' id='word_1_66' title='bbox 212 1265 319 1333; x_wconf 85' lang='lat' dir='ltr'>fectus</span> <span class='ocrx_word' id='word_1_67' title='bbox 338 1262 451 1333; x_wconf 88' lang='lat' dir='ltr'>habet.</span> <span class='ocrx_word' id='word_1_68' title='bbox 479 1265 533 1332; x_wconf 86' lang='lat' dir='ltr'>Sic</span> <span class='ocrx_word' id='word_1_69' title='bbox 551 1278 585 1332; x_wconf 96' lang='lat' dir='ltr'>et</span> <span class='ocrx_word' id='word_1_70' title='bbox 607 1266 742 1359; x_wconf 84' lang='lat' dir='ltr'>sagittas</span> <span class='ocrx_word' id='word_1_71' title='bbox 769 1287 910 1358; x_wconf 90' lang='lat' dir='ltr'>corpore</span> <span class='ocrx_word' id='word_1_72' title='bbox 929 1260 1090 1350; x_wconf 89' lang='lat' dir='ltr'>eductas,</span> <span class='ocrx_word' id='word_1_73' title='bbox 1111 1263 1137 1331; x_wconf 92' lang='lat' dir='ltr'>si</span> <span class='ocrx_word' id='word_1_74' title='bbox 1159 1277 1285 1331; x_wconf 85' lang='lat' dir='ltr'>terram</span> 
     </span>
     <span class='ocr_line' id='line_1_10' title="bbox 211 1369 1285 1464; baseline 0.001 -27"><span class='ocrx_word' id='word_1_75' title='bbox 211 1395 281 1449; x_wconf 84' lang='lat' dir='ltr'>non</span> <span class='ocrx_word' id='word_1_76' title='bbox 300 1371 486 1464; x_wconf 83' lang='lat' dir='ltr'>attigerint,</span> <span class='ocrx_word' id='word_1_77' title='bbox 512 1369 677 1463; x_wconf 85' lang='lat' dir='ltr'>subjectas</span> <span class='ocrx_word' id='word_1_78' title='bbox 707 1369 929 1456; x_wconf 88' lang='lat' dir='ltr'>cubantibus,</span> <span class='ocrx_word' id='word_1_79' title='bbox 962 1370 1160 1439; x_wconf 87' lang='lat' dir='ltr'>amatorium</span> <span class='ocrx_word' id='word_1_80' title='bbox 1189 1393 1285 1459; x_wconf 86' lang='lat' dir='ltr'>esse,</span> 
     </span>
     <span class='ocr_line' id='line_1_11' title="bbox 212 1474 1286 1572; baseline -0.002 -26"><span class='ocrx_word' id='word_1_81' title='bbox 212 1476 370 1572; x_wconf 92' lang='lat' dir='ltr'>Orpheus</span> <span class='ocrx_word' id='word_1_82' title='bbox 398 1489 433 1544; x_wconf 90' lang='lat' dir='ltr'>et</span> <span class='ocrx_word' id='word_1_83' title='bbox 453 1475 637 1558; x_wconf 82' lang='lat' dir='ltr'>Archelaus</span> <span class='ocrx_word' id='word_1_84' title='bbox 664 1475 827 1548; x_wconf 87' lang='lat' dir='ltr'>scribunt.</span> <span class='ocrx_word' id='word_1_85' title='bbox 858 1476 950 1565; x_wconf 90' lang='lat' dir='ltr'>Quin</span> <span class='ocrx_word' id='word_1_86' title='bbox 972 1474 996 1514; x_wconf 86' lang='lat'>¹⁷</span> <span class='ocrx_word' id='word_1_87' title='bbox 1025 1489 1059 1543; x_wconf 92' lang='lat' dir='ltr'>et</span> <span class='ocrx_word' id='word_1_88' title='bbox 1082 1474 1286 1558; x_wconf 82' lang='lat' dir='ltr'>comitialem</span> 
     </span>
     <span class='ocr_line' id='line_1_12' title="bbox 212 1580 1286 1667; baseline -0.003 -14"><span class='ocrx_word' id='word_1_89' title='bbox 212 1583 368 1653; x_wconf 91' lang='lat' dir='ltr'>morbum</span> <span class='ocrx_word' id='word_1_90' title='bbox 389 1583 499 1651; x_wconf 90' lang='lat' dir='ltr'>sanari</span> <span class='ocrx_word' id='word_1_91' title='bbox 527 1582 603 1652; x_wconf 91' lang='lat' dir='ltr'>cibo</span> <span class='ocrx_word' id='word_1_92' title='bbox 631 1606 769 1653; x_wconf 85' lang='lat' dir='ltr'>ecarne</span> <span class='ocrx_word' id='word_1_93' title='bbox 796 1581 874 1652; x_wconf 85' lang='lat' dir='ltr'>ferae</span> <span class='ocrx_word' id='word_1_94' title='bbox 898 1582 1016 1654; x_wconf 82' lang='lat' dir='ltr'>occisae</span> <span class='ocrx_word' id='word_1_95' title='bbox 1041 1580 1159 1651; x_wconf 87' lang='lat' dir='ltr'>eodem</span> <span class='ocrx_word' id='word_1_96' title='bbox 1180 1581 1286 1667; x_wconf 85' lang='lat' dir='ltr'>ferro,</span> 
     </span>
     <span class='ocr_line' id='line_1_13' title="bbox 211 1686 1288 1784; baseline 0.001 -27"><span class='ocrx_word' id='word_1_97' title='bbox 211 1714 280 1784; x_wconf 88' lang='lat' dir='ltr'>quo</span> <span class='ocrx_word' id='word_1_98' title='bbox 310 1688 414 1757; x_wconf 91' lang='lat' dir='ltr'>homo</span> <span class='ocrx_word' id='word_1_99' title='bbox 440 1687 632 1758; x_wconf 86' lang='lat' dir='ltr'>interfectus</span> <span class='ocrx_word' id='word_1_100' title='bbox 662 1690 714 1758; x_wconf 91' lang='lat' dir='ltr'>sit.</span> <span class='ocrx_word' id='word_1_101' title='bbox 742 1686 975 1778; x_wconf 87' lang='lat' dir='ltr'>Quorumdam</span> <span class='ocrx_word' id='word_1_102' title='bbox 1001 1701 1113 1783; x_wconf 91' lang='lat' dir='ltr'>partes</span> <span class='ocrx_word' id='word_1_103' title='bbox 1147 1689 1288 1758; x_wconf 83' lang='lat' dir='ltr'>medicae</span> 
     </span>
     <span class='ocr_line' id='line_1_14' title="bbox 213 1791 1288 1890; baseline 0.002 -26"><span class='ocrx_word' id='word_1_104' title='bbox 213 1809 311 1883; x_wconf 92' lang='lat' dir='ltr'>sunt,</span> <span class='ocrx_word' id='word_1_105' title='bbox 333 1795 428 1863; x_wconf 90' lang='lat' dir='ltr'>sicuti</span> <span class='ocrx_word' id='word_1_106' title='bbox 447 1794 590 1864; x_wconf 88' lang='lat' dir='ltr'>diximus</span> <span class='ocrx_word' id='word_1_107' title='bbox 605 1794 646 1864; x_wconf 88' lang='lat' dir='ltr'>de</span> <span class='ocrx_word' id='word_1_108' title='bbox 665 1796 784 1889; x_wconf 85' lang='lat' dir='ltr'>Pyrrhi</span> <span class='ocrx_word' id='word_1_109' title='bbox 802 1795 888 1888; x_wconf 87' lang='lat' dir='ltr'>regis</span> <span class='ocrx_word' id='word_1_110' title='bbox 903 1792 1034 1890; x_wconf 89' lang='lat' dir='ltr'>pollice.</span> <span class='ocrx_word' id='word_1_111' title='bbox 1054 1796 1100 1862; x_wconf 90' lang='lat' dir='ltr'>Et</span> <span class='ocrx_word' id='word_1_112' title='bbox 1118 1791 1214 1864; x_wconf 87' lang='lat' dir='ltr'>Elide</span> <span class='ocrx_word' id='word_1_113' title='bbox 1235 1820 1288 1865; x_wconf 90' lang='lat' dir='ltr'>so·</span> 
     </span>
     <span class='ocr_line' id='line_1_15' title="bbox 213 1887 1288 1996; baseline -0.002 -25"><span class='ocrx_word' id='word_1_114' title='bbox 213 1899 304 1972; x_wconf 89' lang='lat' dir='ltr'>lebat</span> <span class='ocrx_word' id='word_1_115' title='bbox 313 1887 337 1924; x_wconf 82' lang='lat'>¹⁸</span> <span class='ocrx_word' id='word_1_116' title='bbox 356 1901 486 1978; x_wconf 78' lang='lat' dir='ltr'>ostendi</span> <span class='ocrx_word' id='word_1_117' title='bbox 505 1899 636 1995; x_wconf 90' lang='lat' dir='ltr'>Pelopis</span> <span class='ocrx_word' id='word_1_118' title='bbox 656 1915 749 1971; x_wconf 89' lang='lat' dir='ltr'>costa</span> <span class='ocrx_word' id='word_1_119' title='bbox 757 1899 793 1988; x_wconf 82' lang='lat'>¹⁹,</span> <span class='ocrx_word' id='word_1_120' title='bbox 812 1925 911 1996; x_wconf 88' lang='lat' dir='ltr'>quam</span> <span class='ocrx_word' id='word_1_121' title='bbox 930 1900 1112 1970; x_wconf 90' lang='lat' dir='ltr'>eburneam</span> <span class='ocrx_word' id='word_1_122' title='bbox 1134 1899 1288 1970; x_wconf 79' lang='lat' dir='ltr'>affirma-.-</span> 
     </span>
     <span class='ocr_line' id='line_1_16' title="bbox 213 2005 1288 2103; baseline 0.001 -27"><span class='ocrx_word' id='word_1_123' title='bbox 213 2008 305 2077; x_wconf 89' lang='lat' dir='ltr'>bant.</span> <span class='ocrx_word' id='word_1_124' title='bbox 331 2009 453 2078; x_wconf 86' lang='lat' dir='ltr'>Naevos</span> <span class='ocrx_word' id='word_1_125' title='bbox 476 2009 509 2077; x_wconf 94' lang='lat' dir='ltr'>in</span> <span class='ocrx_word' id='word_1_126' title='bbox 531 2006 614 2077; x_wconf 87' lang='lat' dir='ltr'>facie</span> <span class='ocrx_word' id='word_1_127' title='bbox 633 2007 794 2090; x_wconf 91' lang='lat' dir='ltr'>tondere,</span> <span class='ocrx_word' id='word_1_128' title='bbox 817 2005 1008 2103; x_wconf 85' lang='lat' dir='ltr'>religiosum</span> <span class='ocrx_word' id='word_1_129' title='bbox 1034 2006 1160 2076; x_wconf 89' lang='lat' dir='ltr'>habent</span> <span class='ocrx_word' id='word_1_130' title='bbox 1186 2009 1288 2077; x_wconf 87' lang='lat' dir='ltr'>etiam</span> 
     </span>
     <span class='ocr_line' id='line_1_17' title="bbox 213 2112 430 2184; baseline 0 -2"><span class='ocrx_word' id='word_1_131' title='bbox 213 2139 304 2184; x_wconf 90' lang='lat' dir='ltr'>nunc</span> <span class='ocrx_word' id='word_1_132' title='bbox 324 2112 430 2183; x_wconf 91' lang='lat' dir='ltr'>multi.</span> 
     </span>
    </p>
   </div>
   <div class='ocr_carea' id='block_1_3' title="bbox 113 2269 1335 4097">
    <p class='ocr_par' dir='ltr' id='par_1_3' title="bbox 213 2269 1335 2993">
     <span class='ocr_line' id='line_1_18' title="bbox 213 2269 1290 2345; baseline 0.002 -18"><span class='ocrx_word' id='word_1_133' title='bbox 213 2270 286 2327; x_wconf 86' lang='lat' dir='ltr'>istud</span> <span class='ocrx_word' id='word_1_134' title='bbox 299 2290 361 2326; x_wconf 86' lang='lat' dir='ltr'>raro</span> <span class='ocrx_word' id='word_1_135' title='bbox 375 2272 456 2339; x_wconf 80' lang='lat' dir='ltr'>fallit,</span> <span class='ocrx_word' id='word_1_136' title='bbox 470 2291 526 2345; x_wconf 86' lang='lat' dir='ltr'>qno</span> <span class='ocrx_word' id='word_1_137' title='bbox 540 2269 620 2327; x_wconf 88' lang='lat' dir='ltr'>docet</span> <span class='ocrx_word' id='word_1_138' title='bbox 633 2273 661 2326; x_wconf 90' lang='lat' dir='ltr'>in</span> <span class='ocrx_word' id='word_1_139' title='bbox 677 2293 727 2328; x_wconf 90' lang='lat' dir='ltr'>no·</span> <span class='ocrx_word' id='word_1_140' title='bbox 772 2272 882 2327; x_wconf 75' lang='lat' dir='ltr'>edenda</span> <span class='ocrx_word' id='word_1_141' title='bbox 888 2274 979 2327; x_wconf 72' lang='lat' dir='ltr'>bestie</span> <span class='ocrx_word' id='word_1_142' title='bbox 988 2272 1290 2329; x_wconf 74' lang='lat' dir='ltr'>occisneoierrnmento</span> 
     </span>
     <span class='ocr_line' id='line_1_19' title="bbox 214 2353 1335 2427; baseline 0.003 -21"><span class='ocrx_word' id='word_1_143' title='bbox 214 2353 332 2416; x_wconf 80' lang='lat' dir='ltr'>minibus</span> <span class='ocrx_word' id='word_1_144' title='bbox 353 2370 414 2425; x_wconf 79' lang='lat' dir='ltr'>qun</span> <span class='ocrx_word' id='word_1_145' title='bbox 427 2353 605 2423; x_wconf 88' lang='lat' dir='ltr'>imponuntur</span> <span class='ocrx_word' id='word_1_146' title='bbox 624 2353 692 2419; x_wconf 83' lang='lat' dir='ltr'>fere,</span> <span class='ocrx_word' id='word_1_147' title='bbox 705 2354 728 2407; x_wconf 88' lang='lat' dir='ltr'>si</span> <span class='ocrx_word' id='word_1_148' title='bbox 772 2370 826 2424; x_wconf 81' lang='lat' dir='ltr'>quo</span> <span class='ocrx_word' id='word_1_149' title='bbox 834 2353 1290 2427; x_wconf 74' lang='lat' dir='ltr'>homooccisnsest.·Sorib.Larg.</span> <span class='ocrx_word' id='word_1_150' title='bbox 1328 2403 1335 2409; x_wconf 84' lang='lat'>.</span> 
     </span>
     <span class='ocr_line' id='line_1_20' title="bbox 215 2432 1290 2505; baseline 0.002 -18"><span class='ocrx_word' id='word_1_151' title='bbox 215 2433 249 2487; x_wconf 88' lang='lat' dir='ltr'>sit</span> <span class='ocrx_word' id='word_1_152' title='bbox 262 2433 350 2502; x_wconf 84' lang='lat' dir='ltr'>impar</span> <span class='ocrx_word' id='word_1_153' title='bbox 361 2432 493 2485; x_wconf 85' lang='lat' dir='ltr'>vocalium</span> <span class='ocrx_word' id='word_1_154' title='bbox 507 2451 727 2504; x_wconf 88' lang='lat' dir='ltr'>nnmerus‚por·</span> <span class='ocrx_word' id='word_1_155' title='bbox 772 2435 869 2505; x_wconf 89' lang='lat' dir='ltr'>Comp.</span> <span class='ocrx_word' id='word_1_156' title='bbox 892 2432 991 2486; x_wconf 83' lang='lat' dir='ltr'>Medic.</span> <span class='ocrx_word' id='word_1_157' title='bbox 1011 2451 1070 2503; x_wconf 86' lang='lat' dir='ltr'>cap.</span> <span class='ocrx_word' id='word_1_158' title='bbox 1094 2451 1126 2498; x_wconf 76' lang='lat' dir='ltr'>a,</span> <span class='ocrx_word' id='word_1_159' title='bbox 1140 2451 1216 2486; x_wconf 89' lang='lat' dir='ltr'>num.</span> <span class='ocrx_word' id='word_1_160' title='bbox 1232 2435 1265 2489; x_wconf 80' lang='lat'>13</span> <span class='ocrx_word' id='word_1_161' title='bbox 1281 2453 1290 2488; x_wconf 77' lang='lat' dir='ltr'>s</span> 
     </span>
     <span class='ocr_line' id='line_1_21' title="bbox 214 2510 1282 2583; baseline 0.001 -18"><span class='ocrx_word' id='word_1_162' title='bbox 214 2510 323 2565; x_wconf 86' lang='lat' dir='ltr'>tendere</span> <span class='ocrx_word' id='word_1_163' title='bbox 341 2530 370 2578; x_wconf 80' lang='lat' dir='ltr'>ea</span> <span class='ocrx_word' id='word_1_164' title='bbox 392 2511 564 2577; x_wconf 86' lang='lat' dir='ltr'>clauditates,</span> <span class='ocrx_word' id='word_1_165' title='bbox 584 2513 726 2567; x_wconf 78' lang='lat' dir='ltr'>orbitatem</span> <span class='ocrx_word' id='word_1_166' title='bbox 772 2514 859 2565; x_wconf 77' lang='lat' dir='ltr'>«Item</span> <span class='ocrx_word' id='word_1_167' title='bbox 867 2512 987 2565; x_wconf 81' lang='lat' dir='ltr'>hinnulei</span> <span class='ocrx_word' id='word_1_168' title='bbox 998 2513 1072 2565; x_wconf 84' lang='lat' dir='ltr'>cervi</span> <span class='ocrx_word' id='word_1_169' title='bbox 1084 2514 1241 2583; x_wconf 79' lang='lat' dir='ltr'>coagulum.</span> <span class='ocrx_word' id='word_1_170' title='bbox 1255 2547 1282 2565; x_wconf 84' lang='lat'>..</span> 
     </span>
     <span class='ocr_line' id='line_1_22' title="bbox 215 2584 1289 2665; baseline 0.003 -21"><span class='ocrx_word' id='word_1_171' title='bbox 215 2592 356 2645; x_wconf 91' lang='lat' dir='ltr'>oculorum</span> <span class='ocrx_word' id='word_1_172' title='bbox 363 2591 513 2664; x_wconf 84' lang='lat' dir='ltr'>similesque</span> <span class='ocrx_word' id='word_1_173' title='bbox 521 2584 728 2665; x_wconf 79' lang='lat' dir='ltr'>casus(siqaidem</span> <span class='ocrx_word' id='word_1_174' title='bbox 771 2592 905 2647; x_wconf 82' lang='lat' dir='ltr'>benefacit</span> <span class='ocrx_word' id='word_1_175' title='bbox 916 2591 949 2645; x_wconf 83' lang='lat' dir='ltr'>ad</span> <span class='ocrx_word' id='word_1_176' title='bbox 960 2592 1085 2644; x_wconf 88' lang='lat' dir='ltr'>morbum</span> <span class='ocrx_word' id='word_1_177' title='bbox 1096 2593 1289 2648; x_wconf 90' lang='lat' dir='ltr'>comitialem...</span> 
     </span>
     <span class='ocr_line' id='line_1_23' title="bbox 217 2666 1290 2743; baseline 0.004 -19"><span class='ocrx_word' id='word_1_178' title='bbox 217 2672 322 2739; x_wconf 81' lang='lat' dir='ltr'>iisumri</span> <span class='ocrx_word' id='word_1_179' title='bbox 333 2666 437 2736; x_wconf 83' lang='lat' dir='ltr'>siat),a</span> <span class='ocrx_word' id='word_1_180' title='bbox 455 2670 547 2724; x_wconf 83' lang='lat' dir='ltr'>dextra</span> <span class='ocrx_word' id='word_1_181' title='bbox 559 2686 635 2743; x_wconf 84' lang='lat' dir='ltr'>parte</span> <span class='ocrx_word' id='word_1_182' title='bbox 648 2673 705 2726; x_wconf 82' lang='lat' dir='ltr'>lore</span> <span class='ocrx_word' id='word_1_183' title='bbox 719 2691 727 2728; x_wconf 77' lang='lat' dir='ltr'>t</span> <span class='ocrx_word' id='word_1_184' title='bbox 771 2670 832 2724; x_wconf 82' lang='lat' dir='ltr'>Hoc</span> <span class='ocrx_word' id='word_1_185' title='bbox 838 2671 986 2725; x_wconf 88' lang='lat' dir='ltr'>remedium</span> <span class='ocrx_word' id='word_1_186' title='bbox 994 2671 1042 2742; x_wconf 88' lang='lat' dir='ltr'>qui</span> <span class='ocrx_word' id='word_1_187' title='bbox 1049 2672 1290 2734; x_wconf 63' lang='lat' dir='ltr'>monstmviudixit</span> 
     </span>
     <span class='ocr_line' id='line_1_24' title="bbox 216 2750 1289 2824; baseline 0.003 -20"><span class='ocrx_word' id='word_1_188' title='bbox 216 2752 238 2805; x_wconf 88' lang='lat' dir='ltr'>si</span> <span class='ocrx_word' id='word_1_189' title='bbox 251 2766 325 2824; x_wconf 70' lang='lat' dir='ltr'>paru</span> <span class='ocrx_word' id='word_1_190' title='bbox 340 2751 518 2804; x_wconf 62' lang='lat' dir='ltr'>lavellano.</span> <span class='ocrx_word' id='word_1_191' title='bbox 774 2751 807 2804; x_wconf 80' lang='lat' dir='ltr'>ad</span> <span class='ocrx_word' id='word_1_192' title='bbox 819 2771 877 2805; x_wconf 89' lang='lat' dir='ltr'>rem</span> <span class='ocrx_word' id='word_1_193' title='bbox 888 2750 1130 2822; x_wconf 85' lang='lat' dir='ltr'>pertinere,occidi</span> <span class='ocrx_word' id='word_1_194' title='bbox 1142 2752 1289 2807; x_wconf 88' lang='lat' dir='ltr'>hinnulum</span> 
     </span>
     <span class='ocr_line' id='line_1_25' title="bbox 260 2829 1285 2904; baseline -0.002 -20"><span class='ocrx_word' id='word_1_195' title='bbox 260 2830 304 2885; x_wconf 82' lang='lat'>15.</span> <span class='ocrx_word' id='word_1_196' title='bbox 330 2831 412 2884; x_wconf 79' lang='lat' dir='ltr'>Hasta</span> <span class='ocrx_word' id='word_1_197' title='bbox 438 2831 557 2885; x_wconf 77' lang='lat' dir='ltr'>velitaris.</span> <span class='ocrx_word' id='word_1_198' title='bbox 579 2831 729 2884; x_wconf 85' lang='lat' dir='ltr'>Celiharem</span> <span class='ocrx_word' id='word_1_199' title='bbox 773 2833 923 2904; x_wconf 85' lang='lat' dir='ltr'>cultroque</span> <span class='ocrx_word' id='word_1_200' title='bbox 937 2829 1070 2902; x_wconf 80' lang='lat' dir='ltr'>gladiator</span> <span class='ocrx_word' id='word_1_201' title='bbox 1077 2831 1214 2901; x_wconf 79' lang='lat' dir='ltr'>jugulatus</span> <span class='ocrx_word' id='word_1_202' title='bbox 1224 2833 1285 2888; x_wconf 73' lang='lat' dir='ltr'>sit..</span> 
     </span>
     <span class='ocr_line' id='line_1_26' title="bbox 216 2911 866 2993; baseline -0.002 -28"><span class='ocrx_word' id='word_1_203' title='bbox 216 2928 328 2993; x_wconf 83' lang='lat' dir='ltr'>quoque</span> <span class='ocrx_word' id='word_1_204' title='bbox 347 2912 412 2964; x_wconf 91' lang='lat' dir='ltr'>olim</span> <span class='ocrx_word' id='word_1_205' title='bbox 424 2923 603 2975; x_wconf 78' lang='lat' dir='ltr'>vocaverunt,</span> <span class='ocrx_word' id='word_1_206' title='bbox 615 2929 645 2964; x_wconf 87' lang='lat' dir='ltr'>ea</span> <span class='ocrx_word' id='word_1_207' title='bbox 659 2911 730 2965; x_wconf 84' lang='lat' dir='ltr'>soliti</span> <span class='ocrx_word' id='word_1_208' title='bbox 774 2911 866 2964; x_wconf 70' lang='lat' dir='ltr'>Hono.</span> 
     </span>
    </p>

    <p class='ocr_par' dir='ltr' id='par_1_4' title="bbox 113 2988 1290 3859">
     <span class='ocr_line' id='line_1_27' title="bbox 113 2988 1290 3064; baseline 0.003 -22"><span class='ocrx_word' id='word_1_209' title='bbox 113 3010 118 3017; x_wconf 93' lang='lat'>·</span> <span class='ocrx_word' id='word_1_210' title='bbox 216 3000 321 3044; x_wconf 87' lang='lat' dir='ltr'>comam</span> <span class='ocrx_word' id='word_1_211' title='bbox 335 2990 363 3043; x_wconf 89' lang='lat' dir='ltr'>in</span> <span class='ocrx_word' id='word_1_212' title='bbox 375 2991 471 3044; x_wconf 80' lang='lat' dir='ltr'>fronte</span> <span class='ocrx_word' id='word_1_213' title='bbox 485 3008 640 3064; x_wconf 84' lang='lat' dir='ltr'>sponsarum</span> <span class='ocrx_word' id='word_1_214' title='bbox 654 2988 729 3062; x_wconf 79' lang='lat' dir='ltr'>dige·</span> <span class='ocrx_word' id='word_1_215' title='bbox 817 2993 860 3044; x_wconf 81' lang='lat'>18.</span> <span class='ocrx_word' id='word_1_216' title='bbox 883 2990 958 3042; x_wconf 69' lang='lat' dir='ltr'>Elide</span> <span class='ocrx_word' id='word_1_217' title='bbox 974 2990 1069 3042; x_wconf 79' lang='lat' dir='ltr'>solebat</span> <span class='ocrx_word' id='word_1_218' title='bbox 1082 2990 1176 3042; x_wconf 80' lang='lat' dir='ltr'>ostendi</span> <span class='ocrx_word' id='word_1_219' title='bbox 1189 2992 1290 3064; x_wconf 79' lang='lat' dir='ltr'>Pelopis</span> 
     </span>
     <span class='ocr_line' id='line_1_28' title="bbox 216 3069 1290 3143; baseline 0.003 -20"><span class='ocrx_word' id='word_1_220' title='bbox 216 3069 729 3143; x_wconf 78' lang='lat' dir='ltr'>rere,acdiscriminare,relargnmen·</span> <span class='ocrx_word' id='word_1_221' title='bbox 774 3082 848 3123; x_wconf 79' lang='lat' dir='ltr'>costa.</span> <span class='ocrx_word' id='word_1_222' title='bbox 866 3070 943 3122; x_wconf 85' lang='lat' dir='ltr'>Voss·</span> <span class='ocrx_word' id='word_1_223' title='bbox 961 3070 1058 3141; x_wconf 81' lang='lat' dir='ltr'>Pelopis</span> <span class='ocrx_word' id='word_1_224' title='bbox 1079 3071 1195 3122; x_wconf 80' lang='lat' dir='ltr'>ostib&#39;aai.</span> <span class='ocrx_word' id='word_1_225' title='bbox 1214 3073 1290 3137; x_wconf 47' lang='lat' dir='ltr'>Quae</span> 
     </span>
     <span class='ocr_line' id='line_1_29' title="bbox 217 3149 1288 3222; baseline 0.003 -19"><span class='ocrx_word' id='word_1_226' title='bbox 217 3164 246 3204; x_wconf 86' lang='lat' dir='ltr'>to</span> <span class='ocrx_word' id='word_1_227' title='bbox 254 3149 442 3222; x_wconf 85' lang='lat' dir='ltr'>qnodsponsas</span> <span class='ocrx_word' id='word_1_228' title='bbox 449 3151 606 3204; x_wconf 85' lang='lat' dir='ltr'>maritorum</span> <span class='ocrx_word' id='word_1_229' title='bbox 616 3151 729 3222; x_wconf 89' lang='lat' dir='ltr'>imperio</span> <span class='ocrx_word' id='word_1_230' title='bbox 774 3162 838 3202; x_wconf 87' lang='lat' dir='ltr'>tuor</span> <span class='ocrx_word' id='word_1_231' title='bbox 850 3149 896 3202; x_wconf 90' lang='lat' dir='ltr'>alii</span> <span class='ocrx_word' id='word_1_232' title='bbox 916 3151 998 3203; x_wconf 81' lang='lat' dir='ltr'>ostilia</span> <span class='ocrx_word' id='word_1_233' title='bbox 1015 3150 1057 3203; x_wconf 86' lang='lat' dir='ltr'>vel</span> <span class='ocrx_word' id='word_1_234' title='bbox 1071 3149 1177 3203; x_wconf 76' lang='lat' dir='ltr'>bestilia.</span> <span class='ocrx_word' id='word_1_235' title='bbox 1193 3152 1288 3221; x_wconf 74' lang='lat' dir='ltr'>Lege:</span> 
     </span>
     <span class='ocr_line' id='line_1_30' title="bbox 217 3229 1288 3302; baseline 0.003 -20"><span class='ocrx_word' id='word_1_236' title='bbox 217 3229 335 3284; x_wconf 79' lang='lat' dir='ltr'>subditas</span> <span class='ocrx_word' id='word_1_237' title='bbox 346 3248 400 3282; x_wconf 86' lang='lat' dir='ltr'>esse</span> <span class='ocrx_word' id='word_1_238' title='bbox 406 3231 559 3296; x_wconf 84' lang='lat' dir='ltr'>conveniat,</span> <span class='ocrx_word' id='word_1_239' title='bbox 566 3231 609 3282; x_wconf 83' lang='lat' dir='ltr'>vel</span> <span class='ocrx_word' id='word_1_240' title='bbox 617 3230 730 3300; x_wconf 80' lang='lat' dir='ltr'>augurio</span> <span class='ocrx_word' id='word_1_241' title='bbox 773 3230 871 3300; x_wconf 83' lang='lat' dir='ltr'>Pelopis</span> <span class='ocrx_word' id='word_1_242' title='bbox 882 3230 991 3301; x_wconf 82' lang='lat' dir='ltr'>scapula.</span> <span class='ocrx_word' id='word_1_243' title='bbox 1008 3229 1155 3296; x_wconf 85' lang='lat' dir='ltr'>Humerus,</span> <span class='ocrx_word' id='word_1_244' title='bbox 1166 3231 1288 3302; x_wconf 72' lang='grc' dir='ltr'>ὠμοπλά-</span> 
     </span>
     <span class='ocr_line' id='line_1_31' title="bbox 218 3308 1107 3380; baseline 0 -18"><span class='ocrx_word' id='word_1_245' title='bbox 218 3308 386 3380; x_wconf 78' lang='lat' dir='ltr'>felici‚quod</span> <span class='ocrx_word' id='word_1_246' title='bbox 396 3310 477 3363; x_wconf 83' lang='lat' dir='ltr'>fortes</span> <span class='ocrx_word' id='word_1_247' title='bbox 488 3323 665 3380; x_wconf 81' lang='lat' dir='ltr'>strenuosque</span> <span class='ocrx_word' id='word_1_248' title='bbox 675 3311 730 3362; x_wconf 88' lang='lat' dir='ltr'>bel·</span> <span class='ocrx_word' id='word_1_249' title='bbox 774 3330 814 3367; x_wconf 79' lang='grc' dir='ltr'>τη.</span> <span class='ocrx_word' id='word_1_250' title='bbox 834 3309 961 3363; x_wconf 73' lang='lat' dir='ltr'>Gnoson.</span> <span class='ocrx_word' id='word_1_251' title='bbox 1106 3369 1107 3375; x_wconf 32' lang='lat'>,</span> 
     </span>
     <span class='ocr_line' id='line_1_32' title="bbox 216 3386 1288 3461; baseline 0.002 -19"><span class='ocrx_word' id='word_1_252' title='bbox 216 3390 312 3443; x_wconf 85' lang='lat' dir='ltr'>latores</span> <span class='ocrx_word' id='word_1_253' title='bbox 321 3386 644 3461; x_wconf 77' lang='lat' dir='ltr'>parituroesint.Alex.nb</span> <span class='ocrx_word' id='word_1_254' title='bbox 654 3389 728 3442; x_wconf 78' lang='lat' dir='ltr'>Alex.</span> <span class='ocrx_word' id='word_1_255' title='bbox 817 3409 863 3458; x_wconf 87' lang='lat'>19.</span> <span class='ocrx_word' id='word_1_256' title='bbox 885 3389 983 3459; x_wconf 80' lang='lat' dir='ltr'>Pelopis</span> <span class='ocrx_word' id='word_1_257' title='bbox 1007 3401 1081 3442; x_wconf 81' lang='lat' dir='ltr'>costa.</span> <span class='ocrx_word' id='word_1_258' title='bbox 1096 3390 1238 3443; x_wconf 85' lang='lat' dir='ltr'>Pausanias</span> <span class='ocrx_word' id='word_1_259' title='bbox 1258 3391 1288 3444; x_wconf 90' lang='lat' dir='ltr'>in</span> 
     </span>
     <span class='ocr_line' id='line_1_33' title="bbox 216 3467 1287 3542; baseline 0.001 -19"><span class='ocrx_word' id='word_1_260' title='bbox 216 3470 402 3538; x_wconf 85' lang='lat' dir='ltr'>lih.11‚oap.</span> <span class='ocrx_word' id='word_1_261' title='bbox 425 3468 450 3521; x_wconf 86' lang='lat'>5.</span> <span class='ocrx_word' id='word_1_262' title='bbox 466 3470 565 3523; x_wconf 76' lang='lat' dir='ltr'>Danao.</span> <span class='ocrx_word' id='word_1_263' title='bbox 581 3500 620 3512; x_wconf 92' lang='lat'>-</span> <span class='ocrx_word' id='word_1_264' title='bbox 637 3468 728 3522; x_wconf 83' lang='lat' dir='ltr'>Hasta.</span> <span class='ocrx_word' id='word_1_265' title='bbox 774 3467 871 3522; x_wconf 85' lang='lat' dir='ltr'>Eliacis</span> <span class='ocrx_word' id='word_1_266' title='bbox 897 3481 997 3539; x_wconf 84' lang='lat' dir='ltr'>opertae</span> <span class='ocrx_word' id='word_1_267' title='bbox 1021 3470 1149 3540; x_wconf 79' lang='lat' dir='ltr'>seoptulae</span> <span class='ocrx_word' id='word_1_268' title='bbox 1179 3470 1287 3542; x_wconf 86' lang='lat' dir='ltr'>Pelopis</span> 
     </span>
     <span class='ocr_line' id='line_1_34' title="bbox 216 3546 1289 3620; baseline 0 -17"><span class='ocrx_word' id='word_1_269' title='bbox 216 3550 255 3603; x_wconf 85' lang='lat' dir='ltr'>Ea</span> <span class='ocrx_word' id='word_1_270' title='bbox 264 3561 303 3603; x_wconf 88' lang='lat' dir='ltr'>est</span> <span class='ocrx_word' id='word_1_271' title='bbox 311 3566 370 3620; x_wconf 84' lang='lat' dir='ltr'>quae</span> <span class='ocrx_word' id='word_1_272' title='bbox 380 3546 414 3601; x_wconf 90' lang='lat' dir='ltr'>nd</span> <span class='ocrx_word' id='word_1_273' title='bbox 423 3548 515 3601; x_wconf 84' lang='lat' dir='ltr'>velites</span> <span class='ocrx_word' id='word_1_274' title='bbox 527 3549 650 3618; x_wconf 83' lang='lat' dir='ltr'>pertinet.</span> <span class='ocrx_word' id='word_1_275' title='bbox 661 3549 729 3602; x_wconf 85' lang='lat' dir='ltr'>Sunt</span> <span class='ocrx_word' id='word_1_276' title='bbox 773 3547 938 3601; x_wconf 88' lang='lat' dir='ltr'>mentionem</span> <span class='ocrx_word' id='word_1_277' title='bbox 949 3549 1231 3614; x_wconf 83' lang='lat' dir='ltr'>lacit,nullamnutetn</span> <span class='ocrx_word' id='word_1_278' title='bbox 1238 3551 1289 3604; x_wconf 91' lang='lat' dir='ltr'>bn·</span> 
     </span>
     <span class='ocr_line' id='line_1_35' title="bbox 217 3627 1288 3698; baseline -0.003 -14"><span class='ocrx_word' id='word_1_279' title='bbox 217 3643 305 3684; x_wconf 88' lang='lat' dir='ltr'>autem</span> <span class='ocrx_word' id='word_1_280' title='bbox 320 3627 430 3692; x_wconf 79' lang='lat' dir='ltr'>velites,</span> <span class='ocrx_word' id='word_1_281' title='bbox 445 3627 492 3698; x_wconf 89' lang='lat' dir='ltr'>qui</span> <span class='ocrx_word' id='word_1_282' title='bbox 510 3641 536 3680; x_wconf 89' lang='lat' dir='ltr'>et</span> <span class='ocrx_word' id='word_1_283' title='bbox 553 3628 670 3698; x_wconf 83' lang='lat' dir='ltr'>expediti</span> <span class='ocrx_word' id='word_1_284' title='bbox 683 3647 729 3682; x_wconf 91' lang='lat' dir='ltr'>co-</span> <span class='ocrx_word' id='word_1_285' title='bbox 770 3629 815 3697; x_wconf 84' lang='lat' dir='ltr'>jus</span> <span class='ocrx_word' id='word_1_286' title='bbox 826 3628 950 3683; x_wconf 83' lang='lat' dir='ltr'>eburneae</span> <span class='ocrx_word' id='word_1_287' title='bbox 963 3643 1051 3683; x_wconf 81' lang='lat' dir='ltr'>costas.</span> <span class='ocrx_word' id='word_1_288' title='bbox 1069 3631 1169 3682; x_wconf 81' lang='lat' dir='ltr'>Dsnnc.</span> <span class='ocrx_word' id='word_1_289' title='bbox 1190 3629 1288 3681; x_wconf 66' lang='lat' dir='ltr'>..Pe-</span> 
     </span>
     <span class='ocr_line' id='line_1_36' title="bbox 218 3706 1289 3782; baseline 0.001 -20"><span class='ocrx_word' id='word_1_290' title='bbox 218 3706 380 3782; x_wconf 73' lang='lat' dir='ltr'>gnominati,</span> <span class='ocrx_word' id='word_1_291' title='bbox 394 3707 490 3760; x_wconf 86' lang='lat' dir='ltr'>milites</span> <span class='ocrx_word' id='word_1_292' title='bbox 501 3720 638 3761; x_wconf 74' lang='lat' dir='ltr'>armatura</span> <span class='ocrx_word' id='word_1_293' title='bbox 648 3708 729 3760; x_wconf 85' lang='lat' dir='ltr'>lerio-</span> <span class='ocrx_word' id='word_1_294' title='bbox 772 3707 842 3778; x_wconf 81' lang='lat' dir='ltr'>lopr&#39;s.</span> <span class='ocrx_word' id='word_1_295' title='bbox 857 3709 964 3762; x_wconf 87' lang='lat' dir='ltr'>Tantali</span> <span class='ocrx_word' id='word_1_296' title='bbox 985 3709 1008 3760; x_wconf 92' lang='lat' dir='ltr'>is</span> <span class='ocrx_word' id='word_1_297' title='bbox 1020 3709 1092 3761; x_wconf 83' lang='lat' dir='ltr'>filius</span> <span class='ocrx_word' id='word_1_298' title='bbox 1103 3709 1174 3772; x_wconf 85' lang='lat' dir='ltr'>fuit,</span> <span class='ocrx_word' id='word_1_299' title='bbox 1195 3728 1210 3761; x_wconf 84' lang='lat' dir='ltr'>a</span> <span class='ocrx_word' id='word_1_300' title='bbox 1231 3727 1289 3779; x_wconf 88' lang='lat' dir='ltr'>qno</span> 
     </span>
     <span class='ocr_line' id='line_1_37' title="bbox 217 3788 1285 3859; baseline -0.002 -15"><span class='ocrx_word' id='word_1_301' title='bbox 217 3792 264 3844; x_wconf 86' lang='lat' dir='ltr'>ris.</span> <span class='ocrx_word' id='word_1_302' title='bbox 279 3789 372 3843; x_wconf 78' lang='lat' dir='ltr'>Banu.</span> <span class='ocrx_word' id='word_1_303' title='bbox 773 3788 971 3859; x_wconf 87' lang='lat' dir='ltr'>Peloponnesus</span> <span class='ocrx_word' id='word_1_304' title='bbox 991 3789 1187 3859; x_wconf 82' lang='lat' dir='ltr'>cognominata.</span> <span class='ocrx_word' id='word_1_305' title='bbox 1203 3815 1215 3834; x_wconf 74' lang='grc' dir='ltr'>ι</span> <span class='ocrx_word' id='word_1_306' title='bbox 1226 3788 1285 3842; x_wconf 78' lang='lat' dir='ltr'>Hu‘-</span> 
     </span>
    </p>

    <p class='ocr_par' dir='ltr' id='par_1_5' title="bbox 217 3866 1286 4097">
     <span class='ocr_line' id='line_1_38' title="bbox 262 3866 1285 3939; baseline 0.001 -17"><span class='ocrx_word' id='word_1_307' title='bbox 262 3874 306 3922; x_wconf 79' lang='lat'>16.</span> <span class='ocrx_word' id='word_1_308' title='bbox 324 3868 409 3921; x_wconf 73' lang='lat' dir='ltr'>lilaea.</span> <span class='ocrx_word' id='word_1_309' title='bbox 426 3868 458 3918; x_wconf 90' lang='lat' dir='ltr'>ln</span> <span class='ocrx_word' id='word_1_310' title='bbox 472 3866 583 3920; x_wconf 90' lang='lat' dir='ltr'>domum</span> <span class='ocrx_word' id='word_1_311' title='bbox 598 3867 677 3920; x_wconf 78' lang='lat' dir='ltr'>illata.</span> <span class='ocrx_word' id='word_1_312' title='bbox 692 3868 726 3920; x_wconf 86' lang='lat' dir='ltr'>li.</span> <span class='ocrx_word' id='word_1_313' title='bbox 773 3886 849 3920; x_wconf 86' lang='lat' dir='ltr'>mero</span> <span class='ocrx_word' id='word_1_314' title='bbox 872 3868 967 3939; x_wconf 87' lang='lat' dir='ltr'>Pelops</span> <span class='ocrx_word' id='word_1_315' title='bbox 986 3868 1096 3938; x_wconf 76' lang='lat' dir='ltr'>insignis</span> <span class='ocrx_word' id='word_1_316' title='bbox 1116 3870 1219 3921; x_wconf 87' lang='lat' dir='ltr'>eburno</span> <span class='ocrx_word' id='word_1_317' title='bbox 1234 3895 1245 3915; x_wconf 82' lang='lat'><strong>»</strong></span> <span class='ocrx_word' id='word_1_318' title='bbox 1269 3889 1285 3923; x_wconf 81' lang='lat' dir='ltr'>a</span> 
     </span>
     <span class='ocr_line' id='line_1_39' title="bbox 262 3946 1284 4020; baseline -0.002 -18"><span class='ocrx_word' id='word_1_319' title='bbox 262 3968 306 4020; x_wconf 83' lang='lat'>¹7·</span> <span class='ocrx_word' id='word_1_320' title='bbox 322 3951 398 4018; x_wconf 74' lang='lat' dir='ltr'>(luia.</span> <span class='ocrx_word' id='word_1_321' title='bbox 415 3946 485 4000; x_wconf 92' lang='lat' dir='ltr'>Plin.</span> <span class='ocrx_word' id='word_1_322' title='bbox 498 3947 557 3999; x_wconf 88' lang='lat' dir='ltr'>Val.</span> <span class='ocrx_word' id='word_1_323' title='bbox 573 3949 680 4014; x_wconf 81' lang='lat'>11,58‚</span> <span class='ocrx_word' id='word_1_324' title='bbox 694 3946 728 4000; x_wconf 91' lang='lat' dir='ltr'>ad</span> <span class='ocrx_word' id='word_1_325' title='bbox 773 3948 887 4018; x_wconf 79' lang='lat' dir='ltr'>Virgilio</span> <span class='ocrx_word' id='word_1_326' title='bbox 902 3946 1019 4012; x_wconf 90' lang='lat' dir='ltr'>dicitur,</span> <span class='ocrx_word' id='word_1_327' title='bbox 1032 3948 1131 4019; x_wconf 81' lang='lat' dir='ltr'>Georg.</span> <span class='ocrx_word' id='word_1_328' title='bbox 1148 3950 1206 4013; x_wconf 88' lang='grc' dir='ltr'><strong>ΙΙΙ,</strong></span> <span class='ocrx_word' id='word_1_329' title='bbox 1216 3968 1284 4000; x_wconf 83' lang='lat' dir='ltr'>vers.</span> 
     </span>
     <span class='ocr_line' id='line_1_40' title="bbox 217 4027 1286 4097; baseline -0.003 -12"><span class='ocrx_word' id='word_1_330' title='bbox 217 4029 380 4085; x_wconf 82' lang='lat' dir='ltr'>comitiales:</span> <span class='ocrx_word' id='word_1_331' title='bbox 398 4055 409 4077; x_wconf 83' lang='grc' dir='ltr'>ι</span> <span class='ocrx_word' id='word_1_332' title='bbox 424 4029 529 4082; x_wconf 85' lang='lat' dir='ltr'>Dantur</span> <span class='ocrx_word' id='word_1_333' title='bbox 549 4027 612 4081; x_wconf 88' lang='lat' dir='ltr'>item</span> <span class='ocrx_word' id='word_1_334' title='bbox 636 4046 728 4085; x_wconf 87' lang='lat' dir='ltr'>carnes</span> <span class='ocrx_word' id='word_1_335' title='bbox 775 4045 800 4097; x_wconf 88' lang='lat'>7.</span> <span class='ocrx_word' id='word_1_336' title='bbox 819 4028 926 4082; x_wconf 80' lang='lat' dir='ltr'>Castam</span> <span class='ocrx_word' id='word_1_337' title='bbox 943 4029 1088 4082; x_wconf 86' lang='lat' dir='ltr'>eburneam</span> <span class='ocrx_word' id='word_1_338' title='bbox 1104 4048 1160 4081; x_wconf 91' lang='lat' dir='ltr'>non</span> <span class='ocrx_word' id='word_1_339' title='bbox 1176 4028 1286 4082; x_wconf 88' lang='lat' dir='ltr'>memini</span> 
     </span>
    </p>
   </div>
   <div class='ocr_carea' id='block_1_4' title="bbox 0 0 1363 4800">
    <p class='ocr_par' dir='ltr' id='par_1_6' title="bbox 0 0 1363 4800">
     <span class='ocr_line' id='line_1_41' title="bbox 0 0 1363 4800; baseline 0 0"><span class='ocrx_word' id='word_1_340' title='bbox 0 0 1363 4800; x_wconf 95' lang='lat' dir='ltr'> </span> 
     </span>
    </p>
   </div>
  </div>
 </body>
</html>
