2692 4808
416 356 569 425 cinna
598 357 788 426 xxvnr.
1084 360 1132 451 45,

59 502 179 570 cetur,
191 486 357 584 insepulto
372 503 563 583 exemptum
577 486 755 583 adalligari.
771 486 926 557 'serram'
942 513 960 557 e
973 488 1132 575 calvaria,

58 592 262 690 psilothrum
278 619 349 665 esse
363 593 599 690 palpebrarum
613 594 760 664 tradunt.
781 594 894 663 Herba
907 617 1005 682 vero,
1026 597 1133 691 siqua
1154 635 1168 666 ι

58 701 107 771 ibi
138 703 249 797 genita
277 703 335 789 sit,
364 700 664 789 commanducata,
696 700 813 770 dentes
850 698 980 771 cadere.
1009 700 1151 785 Ulcera.

57 833 132 878 non
149 832 282 904 serpere
298 832 371 878 osse
386 808 529 878 hominis
548 809 807 903 circumscripta.
830 807 893 876 Alii
911 831 930 875 e
948 807 1053 878 tribus
1072 834 1133 903 pu-

59 916 125 984 teis
139 916 213 1009 pari
225 936 381 984 mensura
397 938 500 1008 aquas
510 915 669 1001 miscent,
679 929 714 984 et
727 911 898 1044 prolibant
914 938 1003 983 novo
1021 913 1132 984 fictili:

58 1018 227 1115 reliquum
248 1019 330 1090 dant
350 1023 385 1089 in
413 1021 562 1090 tertianis
592 1040 727 1090 accessu
773 1020 916 1089 febrium
941 1020 1132 1090 bibendum.

57 1112 188 1196 lidem⁴
202 1128 237 1196 in
254 1128 424 1221 quartanis
442 1126 665 1222 fragmentum
682 1126 767 1196 elavi
779 1149 799 1195 a
811 1151 928 1214 cruce,
944 1124 1133 1196 involutum

58 1230 156 1321 lana,
173 1231 260 1303 collo
276 1234 498 1321 subnectunt,
513 1248 573 1303 aut
589 1248 739 1328 spartum
756 1257 886 1303 ecruce
901 1259 909 1301 :
926 1232 1131 1328 liberatoque

58 1338 213 1410 condunt
234 1364 394 1426 caverna,
411 1331 512 1434 quam
531 1337 580 1410 sol
599 1364 668 1408 non
689 1340 838 1434 attingat

112 1447 196 1515 XII.
217 1441 415 1540 Magoium¹
438 1446 509 1515 haec
529 1460 718 1516 commenta
736 1460 834 1515 sunt:
853 1446 902 1515 Ut
920 1459 1050 1531 cotem,
1068 1471 1133 1541 qua
1156 1481 1165 1513 1

58 1550 263 1622 ferramenta
283 1576 369 1648 saepe
392 1567 531 1621 exacuta
549 1553 632 1637 sint,
660 1551 842 1645 subjectam
859 1553 965 1645 ignari
987 1554 1133 1623 cervica-

57 1655 168 1746 libus,
182 1657 224 1727 de
230 1656 244 1732 ,²
257 1658 419 1728 veneficio
437 1658 642 1747 deficientis,
661 1682 802 1727 evocare
819 1657 996 1744 indicium,
1009 1673 1048 1728 ut
1062 1660 1132 1754 ipse

57 1763 151 1834 dieat
165 1764 244 1859 quid
263 1764 327 1834 sibi
347 1763 461 1834 datum
483 1766 541 1848 sit,
566 1780 600 1834 et
620 1764 695 1849 ubi,
720 1779 754 1833 et
773 1789 841 1859 quo
862 1778 1012 1859 tempore
1035 1789 1043 1831 :
1069 1789 1132 1834 au-

57 1884 188 1941 ctorem
211 1884 324 1941 tamen
345 1896 414 1940 non
435 1872 616 1940 nominare.
644 1868 796 1940 Fulmine
824 1872 937 1964 utique
959 1864 1147 1965 percusso,

57 1976 302 2047 circumactum
322 1978 358 2045 in
378 1975 500 2047 vulnus
519 1977 689 2047 hominem
710 1976 800 2113 lopui
821 1979 973 2072 protinus
990 1993 1129 2052 constat.

55 2068 278 2179 Inguinibus³
295 2083 471 2153 medentur
487 2081 606 2178 aliqui,
624 2081 736 2154 licium
779 2081 852 2154 telae
872 2083 1058 2152 detractum
1079 2082 1130 2154 al·

56 2187 200 2285 ligantes
215 2191 354 2260 novenis
370 2191 556 2285 septenisve
570 2189 683 2277 nodis,
701 2188 744 2258 ad
758 2187 904 2284 singulos
924 2190 1131 2260 nominantes

56 2294 195 2366 viduam
219 2295 389 2392 aliquam,
419 2312 519 2392 atque
550 2297 596 2366 ita
626 2297 753 2391 inguini
779 2294 1001 2390 adalligantes.
1036 2298 1130 2367 Licio

56 2415 91 2472 et
108 2388 264 2473 clavum⁵
281 2401 526 2498 aliudve,quod
546 2404 619 2497 quis
640 2402 836 2489 calcaverit,
856 2401 1026 2497 alligatum
1042 2403 1131 2498 ipsos

52 2506 177 2603 jubent
196 2533 328 2604 gerere,
355 2534 398 2578 ne
418 2510 460 2578 sit
475 2507 583 2579 dolori
600 2506 731 2578 vulnus.
758 2511 926 2578 Verrucas
945 2507 1093 2579 avellunt
1111 2537 1130 2580 a
1150 2544 1163 2577 α

99 2741 126 2775 a.
154 2722 258 2776 Terram
274 2743 288 2774 e
307 2723 423 2775 calvaria.
441 2721 493 2774 Vel
513 2739 573 2793 qun
616 2721 662 2774 rit.
674 2719 755 2786 Quod
765 2720 840 2793 prius
853 2720 1041 2785 dicunt,nulli
1051 2724 1131 2776 etiam

55 2801 128 2856 intra
140 2801 282 2856 calvariam
297 2802 447 2871 reperitur,
462 2800 505 2854 rel
520 2818 573 2872 qua
617 2806 735 2874 sceptico
752 2799 899 2854 dubitabile
914 2812 961 2855 est.
973 2803 1021 2853 As.

55 2881 173 2937 calvaria
181 2880 333 2936 obducitur.
347 2883 450 2935 Danae.
572 2918 574 2922 -
659 2882 687 2936 3.
700 2880 848 2951 inguinibus,
859 2881 1006 2952 Inguinum
1017 2880 1093 2951 panis
1106 2893 1133 2934 et

98 2960 126 3015 3.
140 2960 256 3015 Am
272 2961 318 3017 stc
331 2961 409 3014 MSS.
421 2963 487 3032 neg.
501 2981 534 3025 a,
547 2971 575 3012 et
616 2961 779 3014 bubonibus.
794 2960 1003 3015 Dine—Hac
1018 2958 1132 3013 totidem

55 3040 110 3097 atii.
124 3041 223 3097 InClt.
236 3043 369 3095 adama
384 3042 477 3095 Iliun.
617 3040 707 3093 verbis
718 3041 788 3093 Pliu.
802 3041 863 3093 Val.
877 3041 921 3104 Π,
938 3038 992 3103 43,
1006 3051 1033 3091 et
1046 3039 1131 3094 Marc.

98 3126 127 3186 4.
155 3120 241 3176 Μαι.
265 3122 335 3175 Plin.
359 3120 420 3174 vn.
444 3121 503 3186 111,
528 3123 545 3173 6
564 3138 572 3173 :
616 3119 696 3192 Emp.
712 3121 764 3181 32,
781 3137 841 3190 pag.
858 3119 924 3185 225,
938 3119 1030 3172 Hann.

60 3226 72 3249 ·
82 3201 230 3267 Quamne
241 3200 383 3256 emenda:
397 3212 477 3272 eaput
487 3199 570 3266 clavi,
660 3206 687 3263 4.
698 3200 800 3251 licium.
812 3199 916 3263 ritum,
929 3211 1040 3252 stamen.
1055 3200 1090 3252 ll.

56 3299 112 3354 qno
132 3280 230 3353 aliquis
248 3281 277 3334 in
296 3299 405 3335 crucem
428 3279 496 3332 fixus
519 3292 572 3347 est,
659 3279 1131 3350 5.Arqneiraingninaalliguueeslicio.

56 3360 181 3433 alligatur
192 3379 292 3433 penno.
304 3386 315 3407 ι
331 3360 424 3414 Ηω).
617 3359 854 3412 ΕεοΙανιωιΝοω.
866 3359 1131 3430 iugumiadalligantes

95 3440 163 3495 111.
178 3457 204 3493 r·
222 3440 360 3511 Magum.
376 3440 464 3493 Allata
474 3455 574 3509 nempe
617 3439 682 3494 ἱὶιίο.
691 3439 786 3492 Forte:
796 3438 906 3491 «licium
914 3439 971 3492 telae
982 3438 1131 3493 detractum

55 3519 198 3593 snper-iore
224 3520 312 3592 cupite
332 3518 468 3584 remedia,
491 3531 521 3571 nt
548 3530 575 3585 et
617 3519 755 3591 alligantes
764 3518 876 3571 novenis
884 3519 1031 3591 septenisve
1040 3516 1130 3584 nodie,

55 3618 87 3655 ea
100 3618 164 3673 qnae
176 3601 229 3656 hoc
238 3600 297 3672 ipso
308 3598 440 3653 dicentur.
451 3599 545 3652 Hann.
618 3597 652 3652 ad
666 3598 783 3668 singulos
792 3598 959 3651 nominantes
968 3596 1076 3652 viduam
1085 3599 1132 3652 ali·

99 3700 126 3735 a.
140 3680 192 3735 De.
205 3680 235 3735 si
251 3680 312 3752 quis
327 3698 364 3733 ex
372 3679 502 3732 veneficio
514 3679 574 3732 tabe
618 3696 697 3749 quam
708 3715 717 3743 ,
730 3689 810 3749 atque
820 3677 857 3730 ite
870 3677 977 3749 inguini
990 3677 1132 3749 adalligan-

55 3757 184 3827 deficiat,
203 3773 314 3831 cogetur
332 3759 376 3814 vel
390 3759 428 3812 sic
440 3758 571 3818 indicare,
619 3769 667 3811 ten.
680 3756 756 3810 Licio
767 3769 794 3809 et
806 3757 910 3810 clavum
922 3757 1043 3822 aliudve,
1056 3757 1131 3829 quod

55 3857 88 3893 ac
107 3837 200 3895 elicere
217 3859 273 3895 non
296 3842 356 3912 quis
370 3837 480 3893 insidias
492 3838 573 3909 phar·
619 3837 679 3909 quis
690 3836 846 3900 calcaverit,
860 3837 997 3908 alligatum
1008 3837 1081 3908 ipsos
1087 3839 1132 3909 ju-

55 3936 136 3975 mco
155 3920 246 3975 oblato
263 3919 403 3985 iunxerit,
428 3917 477 3972 sed
499 3918 572 3990 quid,
617 3918 844 3987 bentgerere,ne
855 3915 889 3969 sit
901 3915 992 3969 dolori
1004 3916 1130 3970 vulnus..

55 3998 573 4073 stt..w,qmodo,qmdo,0hrete·
618 3997 711 4051 Grion.
754 4038 757 4043 .

133 4102 240 4170 Vm.
452 4192 455 4197 ¹
989 4096 1009 4178 t
