2700 4800
203 365 248 434 28
477 365 515 433 C.
541 363 712 434 PLINII
736 365 843 435 NAT.
870 362 1002 432 HIST.

203 522 263 567 nec
291 497 422 565 vibrare
449 497 545 566 ictus.
575 499 620 565 Et
652 499 811 591 quoniam
851 496 982 590 scorpio
1016 493 1206 577 admonuit,
1236 496 1271 563 iu

168 617 184 668 3
203 603 313 672 Africa
324 601 347 643 ¹⁷
365 626 465 670 nemo
487 601 629 671 destinat
646 602 789 697 aliquid,
808 603 869 670 nisi
888 600 1045 696 prefatus
1060 600 1215 671 Africam.
1229 604 1271 669 In

201 711 327 780 caeteris
350 732 431 776 vero
450 708 623 801 gentibus,
645 712 736 779 Deos
765 722 842 777 ante
866 708 1071 791 obtestatur,
1093 721 1131 776 ut
1155 705 1271 776 velint.

201 815 287 885 Nom
300 816 326 883 si
336 838 454 883 mensa
465 813 561 900 adsit,
569 800 888 910 annulum¹⁸ponere
899 812 1091 882 tralatitium
1106 813 1270 883 videmus.

200 923 293 1010 Quin
302 919 326 957 ¹⁹
354 921 453 988 etiam
477 919 597 991 multos
623 921 798 1016 religiones
828 919 953 1016 pollere
971 919 1185 989 'manifestum
1208 934 1270 989 est.

199 1026 294 1095 Alius
309 1024 411 1095 saliva
423 1041 622 1121 postaurem
633 1027 736 1123 digito
751 1028 865 1112 relata,
875 1024 1157 1096 sollicitudinem²⁰
1168 1027 1271 1095 animi

197 1133 369 1227 propitiat.
386 1130 544 1220 Pollices‚
562 1160 665 1229 quum
683 1132 897 1221 faveamus²¹,
908 1157 1060 1228 premere
1078 1133 1177 1201 etiam
1193 1157 1273 1227 pro·

196 1239 313 1307 verbio
337 1239 505 1332 jubemur.
535 1243 577 1308 Iu
609 1240 780 1313 adorando
813 1237 1016 1309 dexteram²²
1047 1237 1090 1309 ad
1117 1236 1270 1308 osculum

240 1441 333 1512 17.1n
348 1440 447 1508 Africa.
464 1439 552 1494 Nemo
573 1440 602 1493 in
621 1441 712 1495 Africa
756 1443 836 1496 Certe
851 1459 942 1512 presso
959 1439 994 1494 ad
1013 1439 1132 1494 medium
1155 1440 1271 1513 digitum

195 1517 299 1591 aliquid
316 1537 393 1591 agere
408 1517 538 1585 destinat,
556 1520 621 1591 quin
635 1521 713 1593 prius
754 1521 872 1594 pollice,
896 1534 922 1574 et
945 1521 974 1573 iu
1000 1518 1118 1574 indicem
1143 1521 1269 1592 relapso,

199 1599 268 1652 lianc
281 1617 374 1652 vocem
386 1599 495 1663 efferat,
519 1600 629 1654 Africa:
647 1601 713 1653 «ael
754 1600 870 1655 sonitum
888 1599 952 1653 dare
965 1600 1164 1665 consuevimus,
1180 1612 1209 1652 et
1226 1601 1271 1654 ael

197 1678 374 1752 paroemiam,
391 1697 495 1750 semper
508 1680 597 1733 Africa
610 1678 713 1752 aliquid
754 1681 793 1735 sic
804 1681 921 1734 favorem
936 1678 1093 1750 significare.
1106 1679 1201 1733 Hsuu.

197 1771 324 1831 apportat
338 1758 412 1811 novi.
424 1784 436 1805 .
452 1759 545 1812 llsnn.
798 1781 843 1814 ss.
858 1761 889 1812 In
904 1759 1032 1812 adorando
1048 1760 1179 1813 dexteram.
1192 1762 1269 1831 Apu-

244 1841 288 1892 18.
300 1839 436 1891 Anartium.
453 1837 496 1891 Sic
509 1839 585 1892 MSS.
598 1840 663 1910 Reg.
678 1859 711 1904 a,
754 1840 821 1897 leius
844 1840 892 1892 tib,
917 1839 959 1891 lv
978 1839 1071 1903 Asini,
1095 1837 1130 1891 de
1151 1839 1270 1892 formosa

197 1931 227 1971 et
248 1918 298 1973 ch.
318 1918 395 1970 Prius
416 1916 544 1982 ridicule,
564 1918 656 1970 nullum
665 1939 713 1991 po·
754 1919 876 1991 virgine,
891 1936 972 1990 quam
989 1931 1021 1971 ut
1035 1920 1118 1971 Deam
1134 1918 1270 1971 miroban-

197 2016 263 2050 πονε.
279 1998 369 2051 Hauc.
755 2011 817 2059 tur,
834 1999 953 2064 -mulri,
973 1997 1074 2070 iuquit,
1093 1996 1212 2069 denique
1230 1999 1269 2052 ci·

189 2129 192 2133 .
244 2097 289 2146 ¹9·
314 2078 390 2146 Quin.
413 2077 456 2131 Sic
478 2076 578 2131 laudati
599 2075 712 2132 codices.
755 2079 830 2132 vium
843 2076 1014 2131 admoventes
1028 2077 1121 2130 oribus
1134 2077 1187 2131 suis
1202 2075 1270 2130 dex-

200 2155 293 2223 Edtri,
306 2161 378 2209 etrum
392 2162 556 2230 quorriam,ut
567 2169 594 2210 et
604 2160 669 2228 Reg.
687 2177 712 2211 ι.
755 2170 842 2224 uam,
868 2159 958 2227 priore
982 2156 1069 2229 digito
1095 2157 1123 2210 in
1147 2170 1268 2211 erectum

200 2236 281 2291 Forte
292 2255 344 2309 pro
355 2277 363 2303 ‚
376 2262 388 2285 ι
401 2237 434 2288 Et
446 2239 518 2308 jam,
532 2237 712 2307 quoniam...
754 2239 881 2310 pollicem
891 2235 1024 2291 residente
1031 2274 1039 2298 ‚
1053 2248 1084 2289 ut
1094 2237 1178 2306 ipram
1190 2255 1270 2307 pror·

200 2317 438 2381 mandatumst,
452 2316 709 2384 uliussaliva,etc.·
754 2336 798 2372 sus
811 2317 888 2372 deam
905 2319 1038 2370 Venerem
1054 2317 1185 2386 religiosis
1198 2314 1269 2370 ado·

200 2395 295 2450 Hono.
754 2398 901 2451 rationibus
913 2399 1134 2451 venerabamur.-
1150 2395 1226 2448 Idem
1239 2396 1268 2448 in

244 2495 288 2529 ao.
304 2475 502 2528 Sollicitudinem.
516 2476 581 2546 Ejus
596 2477 633 2530 rei
654 2495 713 2547 quaa
755 2477 990 2548 Apologiaprirua:
1004 2476 1146 2531 «silanum
1157 2474 1268 2547 aliquod

200 2555 342 2609 sollicitum
359 2556 587 2618 habetanimum,
602 2574 713 2628 prospe·
754 2570 911 2628 pretereat,
937 2556 1010 2609 nefas
1033 2556 1113 2608 habet
1136 2555 1267 2610 adorandi

201 2654 262 2689 rum
276 2647 403 2706 procurat
416 2648 549 2688 eventum.
562 2634 655 2689 Hono.
754 2637 839 2707 gratia
856 2654 964 2689 manum
981 2636 1062 2688 labris
1083 2633 1236 2688 admovere.
1252 2663 1264 2683 s

244 2715 495 2788 ar.PolIr'ces‚quum
496 2717 631 2783 faveamus.
640 2714 713 2769 Vide
754 2714 812 2769 Adi
832 2717 888 2768 Pet.
907 2715 978 2768 Pith.
994 2713 1097 2768 advers.
1114 2717 1142 2779 1,
1159 2733 1218 2786 cap.
1234 2735 1267 2788 73

201 2795 271 2867 Aug.
286 2795 365 2849 Polit.
380 2794 456 2848 llliac.
469 2814 526 2865 cap.
541 2800 588 2858 4².
603 2797 644 2848 Eo
654 2814 713 2865 per·
755 2797 834 2850 Baro.
845 2796 924 2849 Brisa.
937 2794 1016 2848 form.
1030 2794 1053 2847 1.
1064 2797 1267 2850 Danum-Iu.

200 2874 267 2928 tinet
290 2874 411 2948 Glycerae
433 2873 535 2928 dictum
558 2873 631 2946 apud
653 2875 713 2927 Me·
755 2875 833 2941 Sive,
857 2889 887 2928 ut
903 2876 1052 2945 loquuntur
1072 2873 1135 2938 alii,
1156 2892 1266 2928 manum

200 2953 349 3018 uandmm,
369 2956 425 3016 reli:
443 2951 579 3016 destituor
603 2957 712 3026 ἐμαυτῆς
755 2956 818 3008 ori:
838 2956 910 3017 sive,
933 2969 963 3007 ut
980 2953 1061 3026 Apul,
1080 2953 1189 3008 Metam.
1208 2956 1267 3021 IV,

199 3035 332 3094 πιίζουσα.
347 3029 365 3104 si
380 3035 409 3087 ἂν
422 3037 552 3106 κροταλῖζῃ
563 3037 591 3088 τὸ
601 3036 711 3103 tlerpm.
754 3033 875 3088 dextram
891 3034 984 3087 oribus
996 3032 1179 3087 admovemus.
1193 3033 1268 3088 Sicut

200 3112 285 3166 Turn.
297 3113 413 3167 Advers.
426 3115 473 3168 lib.
484 3117 558 3181 11,c.
573 3118 599 3166 6.
611 3117 712 3169 Daune.
754 3114 826 3186 apud
851 3114 969 3166 Orientis
993 3113 1107 3185 populos
1130 3115 1267 3167 veneratio

200 3222 240 3235 -
253 3193 366 3246 Pollices.
380 3193 540 3264 Antiquitus
557 3193 585 3245 in
599 3194 713 3264 pollice,
754 3191 941 3247 ostendebatur
959 3194 1039 3246 vot-iis
1063 3191 1189 3244 flectendi
1206 3213 1265 3247 cor·

199 3271 288 3343 inquit
300 3275 425 3326 Erasmus
438 3274 528 3338 cul,
540 3285 608 3325 cent.
621 3273 654 3336 8,
668 3271 711 3325 ad.
753 3274 828 3345 poris
852 3274 947 3327 formis
965 3291 972 3324 ι
996 3273 1032 3324 ita
1056 3269 1129 3342 apud
1157 3272 1266 3327 Graecos

203 3355 256 3415 to,
270 3353 369 3407 favoris
386 3366 457 3418 erat,
478 3351 613 3423 studiique
631 3352 712 3422 sigui·
754 3372 863 3407 inanum
888 3353 921 3405 ad
941 3370 971 3404 os
989 3349 1173 3412 admovendo,
1192 3353 1265 3424 quod

198 3430 297 3486 ficatio.
311 3433 367 3498 Qui
378 3432 491 3498 faveret,
508 3432 632 3503 pollicem
650 3450 711 3500 pre·
753 3434 863 3503 proprie
886 3445 925 3485 est
949 3433 1108 3502 προσκυνεῖν,
1130 3451 1145 3483 a
1167 3433 1216 3484 κύω
1239 3449 1266 3487 et

199 3513 301 3565 mebat:
313 3512 359 3584 qui
368 3512 458 3566 minua
467 3512 575 3569 faveret,
585 3510 709 3580 pollicem
753 3515 828 3566 austu
836 3550 843 3575 ,
852 3509 925 3583 quod
936 3524 974 3564 est
986 3511 1110 3565 osculari.
1123 3511 1179 3563 Nec
1191 3510 1265 3565 aliud

198 3593 380 3645 convertebat.
394 3593 447 3658 Qui
461 3605 548 3663 gestus
560 3591 588 3644 in
599 3609 709 3662 prover·
753 3591 882 3663 siguificat
897 3592 1008 3645 latinum
1026 3591 1145 3653 adorare,
1160 3610 1215 3644 nou
1230 3594 1266 3645 ab

197 3670 274 3724 bium
296 3672 444 3725 abierunt:
465 3685 494 3724 ut
512 3673 566 3741 jam
586 3688 709 3740 premere
752 3691 822 3724 omre
843 3670 872 3723 id
891 3683 946 3734 est,
967 3674 1079 3741 precari,
1094 3669 1215 3736 factum,
1235 3685 1266 3725 ut

197 3750 321 3822 pollicem
332 3750 444 3809 dicatur,
452 3750 498 3822 qui
508 3767 618 3821 quoquo
629 3762 709 3822 pacto
752 3751 871 3823 imperiti
888 3751 1010 3804 homines
1032 3750 1200 3803 existimant:
1218 3750 1266 3806 sed

196 3830 284 3885 favet:
299 3845 470 3895 convertere,
485 3830 532 3902 qui
552 3829 621 3883 male
639 3830 705 3884 vult.
752 3832 786 3884 ab
799 3850 831 3884 eo
845 3829 918 3902 quod
930 3848 1024 3882 manus
1033 3828 1205 3883 admoveatur
1213 3831 1264 3883 ori.

194 3910 345 3965 Iuvenalis:
357 3939 368 3959 ι
376 3911 513 3963 Converso
524 3909 620 3980 pollice
630 3910 706 3981 vulgi
750 3910 884 3965 Luciacus
894 3913 991 3980 φιλῆσαι
1002 3906 1086 3972 drinio
1100 3908 1180 3963 dixit:
1194 3909 1266 3963 Galli

193 3989 349 4056 Quemlibet
363 3987 489 4043 occidnut
503 3988 678 4060 populariter.
690 4013 701 4035 ι
751 4008 876 4061 quoque,
889 3989 969 4041 baiser
979 3990 1012 4042 les
1022 3993 1106 4042 mains.
1119 3991 1159 4041 De
1168 4009 1200 4042 eo
1210 3990 1265 4042 ritu
