2700 4800
130 360 176 431 26
399 370 437 437 C.
464 370 637 441 PLINII
661 373 770 440 NAT.
797 372 926 440 HIST.

127 496 225 591 idque
236 495 260 520 ¹⁰
280 498 314 567 in
330 498 478 570 febribus
499 502 630 572 dierum
644 504 876 574 observatione
888 499 1105 597 intelligitur?
1126 505 1200 573 Cur

126 603 169 672 ad
191 605 351 698 primitias
374 607 603 701 pomorum¹¹,
625 610 696 680 haec
725 625 837 680 vetera
863 633 933 679 esse
952 609 1110 697 dicimus,
1134 609 1200 679 alia

125 733 213 782 nova
224 710 482 806 optamusiCur
494 719 728 787 sternumentis
737 714 978 787 salutamus¹²i
995 715 1199 810 quodetiam

125 911 203 956 rom,
216 890 332 963 impares
351 911 477 948 numeros
501 898 609 950 servari.
625 923 636 944 ·
729 917 771 951 to.
784 897 869 968 quue.
886 896 954 950 Cels.
971 897 1026 961 111,
1048 904 1085 962 4,
1102 897 1149 949 uhi
1163 896 1200 950 de

125 971 215 1038 Quare
227 972 307 1025 etiam
321 973 349 1026 in
362 973 417 1026 illis
430 971 559 1046 ἐπῳδαῖς,
574 997 641 1048 nspe-
684 978 802 1031 febrium
810 976 948 1030 nmatione
956 977 1023 1046 agit:
1039 977 1200 1031 «Estauteui

127 1051 231 1115 cirrose,
249 1064 276 1105 et
297 1053 438 1119 amuletis,
458 1056 557 1125 quibus
578 1076 640 1111 suos
684 1057 749 1119 alia,
764 1056 869 1128 inquit,
882 1054 917 1108 de
930 1054 1025 1108 diebus
1037 1056 1103 1127 ipsis
1116 1054 1201 1110 dubi·

125 1130 208 1184 libros
219 1131 303 1185 Marc.
317 1133 485 1204 Empiricus,
499 1136 640 1206 Apuleius,
683 1137 766 1192 tatio:
779 1135 906 1206 quoniam
917 1136 1020 1207 antiqui
1029 1136 1200 1208 potissimum

125 1208 277 1265 Alexander
286 1212 455 1280 Tullianus,
469 1228 495 1268 et
505 1215 642 1306 alQset·
683 1218 799 1288 impares
810 1216 1001 1286 sequebantur,
1010 1234 1123 1286 eosque,
1134 1229 1202 1271 tam·

126 1303 232 1353 serunt,
255 1291 380 1362 frequens
399 1293 422 1348 is
445 1313 575 1349 numerus
594 1315 641 1349 oc·
684 1316 764 1369 quam
783 1308 848 1350 tuno
869 1293 902 1348 de
922 1295 1000 1367 agris
1016 1293 1200 1366 judicaretur,

126 1372 219 1425 currit.
233 1370 306 1425 Vide
318 1371 451 1432 Gellium,
468 1375 497 1439 1,
513 1393 564 1429 ro:
584 1401 596 1424 ι
606 1394 641 1429 ne
684 1379 807 1448 κρισίμους
818 1375 1001 1429 nominabant.
1009 1375 1044 1428 Hi
1056 1387 1134 1435 erant
1143 1375 1203 1430 dies

126 1449 148 1503 si
161 1449 195 1504 de
209 1469 321 1504 numero
332 1453 449 1507 multum
459 1453 616 1525 loquimur·
629 1493 638 1518 ‚
684 1457 791 1520 tertius,
801 1455 927 1527 quintus,
937 1455 1076 1526 septimus,
1088 1469 1202 1525 quartus

125 1542 157 1584 ut
169 1530 205 1584 sit
216 1530 357 1602 Augustin.
367 1531 402 1586 de
415 1534 496 1587 Cirit.
509 1535 574 1600 Dei,
586 1535 640 1599 xl,
684 1535 819 1600 decimus,
831 1535 972 1588 vicesimus
983 1535 1102 1606 primus:
1117 1535 1154 1588 ita
1168 1548 1200 1590 ut

130 1608 179 1675 13,
197 1629 371 1664 «mensuram
385 1625 411 1666 et
426 1612 535 1684 pondus
556 1614 641 1685 negli·
684 1634 787 1669 summa
807 1613 928 1685 potentia
950 1615 1080 1685 septimo,
1099 1612 1201 1669 deinde

125 1707 188 1760 gere
199 1690 361 1762 judicemur.
373 1716 384 1738 ι
404 1694 495 1747 lisan.
507 1726 547 1737 -
556 1695 600 1747 An
611 1692 641 1747 id
684 1708 779 1771 quarto
798 1692 923 1759 decimo,
941 1691 1040 1747 deinde
1053 1693 1101 1746 nni
1114 1707 1142 1747 et
1162 1695 1203 1747 vi·

126 1769 184 1840 ipse
208 1772 305 1826 Noster
328 1771 487 1827 intellexerit
509 1792 568 1845 qno
596 1773 642 1827 hio
684 1776 782 1847 gesimo
803 1772 920 1828 daretur.
943 1774 1036 1844 ltaque
1056 1773 1095 1825 sio
1114 1792 1201 1844 agros

127 1851 242 1922 spargit,
259 1852 288 1904 in
308 1851 412 1906 incerto
434 1853 501 1906 mihi
525 1853 641 1910 videtur.
685 1856 854 1919 nutriebant,
879 1866 910 1906 nt
927 1851 1031 1906 dierum
1055 1852 1200 1924 imparium

127 1930 219 1984 Verba
240 1931 331 1984 inania
348 1932 392 1985 hic
414 1951 464 2004 pro
485 1934 565 1987 rebus
585 1951 641 1986 esse
684 1935 846 1988 accessiones
874 1944 1081 2004 exspectarent,
1106 1946 1159 1985 etc.
1185 1959 1197 1981 ·

128 2010 264 2083 quianon
285 2009 367 2064 hodie
382 2012 528 2066 fatebitur?
547 2014 641 2079 Quan-
684 2014 794 2086 Scripsit
803 2010 994 2066 librostresde
1006 2010 1100 2065 diebus
1108 2010 1202 2066 decre·

129 2108 210 2161 qnam
218 2090 287 2145 t‘orte
293 2110 348 2144 non
357 2092 415 2146 hnc
421 2093 457 2146 ita
466 2091 642 2164 aspernanda,
684 2094 760 2147 toriis
773 2093 869 2148 Galen.
880 2104 946 2146 tom.
959 2092 1041 2157 VIII,
1055 2110 1124 2162 quos
1136 2110 1201 2145 oon-

128 2182 159 2224 ut
170 2168 239 2223 duas
252 2171 357 2224 notulas
369 2173 411 2226 rel
427 2186 480 2227 tres
491 2192 546 2226 non
557 2173 642 2245 subji·
684 2174 749 2227 sulci
765 2174 858 2227 Hsnn.

125 2240 641 2324 ciamust1⁰nempeePythagoreorum
729 2272 773 2306 ιι.
788 2253 835 2305 At
843 2254 965 2323 primitias
983 2269 1116 2320 pomorum.
1140 2249 1201 2303 Me·

126 2329 236 2401 quidem
250 2329 298 2385 ista
311 2348 429 2385 manasse
443 2332 578 2395 lontibus,
593 2332 641 2402 qni
685 2331 853 2387 ditrinnlibus
872 2349 953 2384 ovum
969 2342 997 2382 et
1010 2344 1087 2383 tetus
1104 2328 1200 2383 tinum

126 2408 192 2462 duni
206 2409 329 2464 formulis
341 2421 445 2465 tentant
459 2430 516 2465 non
530 2409 641 2482 quidem
684 2412 797 2466 libantes
815 2431 846 2465 ac
868 2409 1036 2482 degustantes
1058 2407 1200 2463 medicine

126 2489 280 2560 algebricis.
302 2488 351 2543 sed
377 2503 404 2544 et
425 2490 593 2561 geometricis
615 2503 642 2544 et
684 2492 766 2563 grstia
777 2491 916 2555 dicebant,
935 2506 1055 2542 «norum
1069 2501 1144 2541 vetus
1156 2487 1200 2541 vi·

126 2568 643 2624 arithmeticisastrornmviasetmnndi
685 2590 752 2624 num
781 2572 865 2636 bibo,
888 2588 961 2622 novo
987 2567 1072 2622 veteri
1101 2568 1201 2621 morbo

126 2648 197 2702 vices
212 2650 332 2721 assequi,
345 2651 449 2720 poetice
460 2663 487 2704 at
499 2650 601 2715 italice,
611 2663 642 2705 ut
685 2650 804 2704 medeor.
814 2676 826 2698 ι
842 2651 920 2704 Varr.
931 2647 1007 2702 Idem
1019 2647 1076 2703 iere
1088 2648 1201 2702 Athenis

127 2729 342 2800 sicloquar,vim
352 2727 642 2784 describnntiormula·
685 2731 744 2787 lieri
764 2731 870 2784 solitum
885 2732 909 2783 ia
924 2732 975 2789 τοῖς
992 2729 1136 2797 vetustiore,
1151 2746 1199 2781 sen

126 2810 409 2864 rnmetnumeralium
416 2823 558 2864 notarum:
569 2809 643 2863 unde
686 2810 829 2864 Vinalibus
844 2809 1004 2864 Plutarchus
1023 2804 1104 2860 tradit
1119 2807 1201 2878 Sym·

126 2888 199 2960 plebi
221 2889 400 2944 litteratorum
422 2908 484 2943 mox
508 2888 642 2945 creditum
686 2909 745 2962 pos.
756 2891 775 2943 l.
786 2891 844 2955 111,
855 2901 988 2961 quast73
1000 2883 1201 2940 deMeditn'na·

127 2968 255 3024 formulas
268 2983 296 3025 et
314 2989 442 3024 numeros
460 2989 552 3024 revera
570 2988 641 3030 esse,
686 2971 757 3023 libus
775 2968 847 3022 idem
862 2968 974 3021 Verrius
988 2967 1106 3020 Flaccus.
1119 2964 1199 3020 Suu..

128 3060 155 3100 et
168 3049 195 3101 vi
208 3050 283 3121 qussi
299 3068 428 3122 corporea
441 3063 487 3104 ant
498 3063 569 3104 certe
581 3051 643 3104 sub·
686 3049 797 3110 -,-Cm·.
818 3048 911 3103 Simile
933 3045 1069 3124 quoddam
1090 3064 1200 3099 carmen

127 3128 242 3183 stantiali
250 3130 365 3202 pollere;
376 3121 443 3185 s⁰in
450 3130 642 3185 mathematicis
686 3130 777 3184 tritum
797 3128 946 3200 antiquitus
967 3143 1088 3180 semona
1106 3125 1199 3198 vulgi,

127 3208 259 3263 notabiles
281 3208 406 3282 inprimis
426 3229 494 3282 quos
514 3228 642 3264 numeros
686 3209 714 3261 in
733 3210 790 3263 vini
802 3208 866 3261 novi
885 3205 1085 3278 degustatione,
1103 3205 1200 3259 recitat

123 3290 216 3356 primos
240 3307 366 3343 vocamus
385 3290 493 3344 nombres
510 3293 641 3360 premitur
685 3290 802 3345 Brisson.
817 3287 851 3342 de
863 3288 953 3341 Form.
965 3287 1025 3356 1,p.
1040 3303 1088 3354 91.
1103 3285 1196 3338 Hann.

128 3368 202 3439 atqui
221 3373 283 3422 istos
302 3369 416 3441 impares
434 3389 503 3437 esse,
520 3368 638 3424 modos
730 3388 773 3423 ιι.
802 3368 855 3423 Cur
869 3368 1035 3419 sternumentis
1056 3365 1199 3419 schramm.

128 3448 259 3520 excipias,
272 3448 336 3521 quia
348 3468 445 3520 nempe
456 3468 548 3504 omnes
563 3467 641 3520 pares
684 3449 803 3519 Captatis
836 3445 956 3517 auguriis
989 3456 1200 3499 sternutamenta

128 3526 272 3584 divisorem
281 3537 309 3582 τὸ
324 3550 337 3583 a
351 3529 479 3594 habeant3
492 3519 640 3583 3⁰demum
684 3547 768 3600 quum
779 3526 986 3599 superveniunt,
995 3526 1039 3578 illa
1050 3525 1104 3576 sive
1113 3525 1200 3591 bona,

128 3608 158 3661 in
173 3608 297 3662 formulis
316 3628 380 3663 vero
403 3608 550 3680 imparibus
570 3627 640 3679 sarpa
682 3609 739 3661 site
754 3608 823 3661 mala
838 3606 908 3672 sint,
924 3606 1086 3660 confirmant
1102 3616 1128 3655 et
1141 3615 1199 3657 rata

128 3706 184 3741 non
199 3707 256 3742 esse
271 3689 361 3743 locum
374 3689 508 3752 numeris,
523 3708 607 3760 quum
623 3707 640 3742 e
682 3688 794 3742 iaciunt.
808 3684 889 3760 Apud
902 3686 1050 3739 Homerum
1064 3683 1200 3754 Penelope
1227 3752 1232 3759 Ι

128 3767 396 3841 multiplicationibus
408 3770 529 3823 confecta
539 3770 640 3840 primas
682 3768 771 3840 procis
783 3766 961 3821 infortunium
972 3765 1108 3827 minante,
1119 3762 1199 3817 Tele·
1214 3813 1216 3817 ,

99 3841 101 3844 ’
128 3859 216 3917 partas
229 3848 360 3914 babeam
374 3868 456 3922 porro
475 3849 638 3921 emuttipli-
684 3849 794 3903 machus
808 3857 947 3901 sternunt.
968 3838 1076 3916 Hippiae
1091 3855 1201 3897 sternu-

127 3927 277 3982 cationibns
298 3929 418 3985 coniecta
439 3929 637 4001 utplurimum
682 3929 751 3983 tanti
764 3926 831 3980 dens
850 3943 975 3980 excussus
994 3942 1118 3996 magnam
1134 3922 1201 3977 con·

126 4008 285 4082 perierunt.
299 4009 347 4064 As.
683 4007 802 4063 mitatem
825 4003 973 4078 portendit.
989 4004 1198 4073 Xenophontem
