2700 4800
222 360 266 446 34
498 362 537 430 C.
564 362 731 432 PLlNll
756 363 864 431 Ns'r.
888 362 1024 433 HIST.

173 546 177 554 .
220 498 378 581 minaret,
396 493 521 563 aliusve
536 494 565 561 ei
582 495 793 589 prediceret,
804 496 935 566 duabus
953 496 1070 566 litteris
1087 498 1202 592 graecis
1224 523 1245 568 r
1262 514 1298 570 et

223 589 282 691 s⁴⁵‚
295 603 444 671 chartam
458 601 669 694 inscriptam,
689 601 950 698 circumligatam
967 601 1053 689 lino,
1079 604 1299 675 subnectebat

220 708 327 780 collo:
345 709 518 777 Mutianus
530 720 580 774 ter
593 706 729 793 consul,
746 708 860 778 eadem
880 709 1113 779 observatione
1126 712 1297 782 viventem

220 838 369 886 muscam
389 815 421 880 iu
440 809 576 882 linteolo
595 811 692 884 albo:
708 816 762 884 bis
782 816 936 885 remediis
955 840 1069 887 carere
1087 817 1177 912 ipsos
1193 816 1297 914 lippi-

221 922 334 992 tudine
354 918 571 1014 praedicantes
583 904 619 988 ⁴⁶.
647 909 838 991 Carmina⁴⁷
856 922 1007 1016 quaedum
1026 937 1158 1020 exstant
1176 939 1297 993 contra

220 1026 417 1124 grandines,
439 1040 623 1120 contraque
644 1027 840 1097 morborum
858 1052 1000 1123 genero,
1021 1044 1205 1124 contraque
1224 1055 1296 1100 am·

220 1135 337 1220 busta,
363 1131 513 1228 quiedam
537 1134 637 1200 etiam
657 1148 794 1229 experto
814 1160 822 1200 :
845 1133 903 1204 sed
924 1133 1099 1229 prodendo
1121 1135 1233 1206 obstat
1250 1139 1298 1206 in-

219 1266 301 1336 gens
314 1238 516 1309 verecundis
532 1239 567 1305 in
581 1254 673 1308 tanta
685 1241 873 1309 animorum
894 1243 1064 1309 varietate.
1079 1243 1298 1338 Quapropter

219 1348 261 1418 de
276 1348 345 1426 his,
363 1359 401 1414 ut
419 1343 548 1413 libitum
563 1346 683 1440 cuique
703 1345 817 1432 fuerit,
833 1348 997 1442 opinetur.

186 1479 197 1513 ι
275 1456 331 1522 Vl.
345 1440 448 1542 (ιιι.)
464 1451 667 1520 Hominum¹
686 1453 907 1522 monstrificas
928 1468 1063 1523 naturas
1080 1468 1114 1523 et
1127 1456 1296 1526 veneficos

218 1574 390 1656 aspectus,
419 1556 564 1627 diximus
584 1559 617 1626 in
645 1560 808 1653 portentis
829 1561 993 1654 gentium,
1020 1575 1054 1629 et
1080 1559 1201 1631 multas
1220 1566 1292 1632 ani·

218 1665 354 1736 mallum
374 1666 614 1760 proprietates,
632 1689 706 1758 quae
727 1667 832 1760 repeti
848 1690 1092 1762 supervacuum
1115 1682 1174 1736 est.
1197 1669 1293 1757 Quo·

220 1772 373 1844 rumdam
386 1771 561 1840 bominum
573 1784 643 1840 toto
662 1797 805 1866 corpora
817 1787 978 1868 prosunt:
994 1787 1033 1841 ut
1045 1798 1086 1842 ex
1096 1773 1149 1843 bis
1162 1773 1294 1845 familiis

219 1906 293 1976 quae
309 1892 387 1949 sunt
403 1878 521 1947 terrori
537 1877 767 1970 serpentibus,
782 1893 873 1948 tactu
888 1882 961 1974 ipso
979 1878 1092 1948 levant
1101 1905 1294 1973 percussos,

220 2001 360 2056 suctuve
386 1983 519 2054 modico
532 1981 553 2051 ².
584 1984 740 2073 Quorum
759 2010 777 2054 e
799 2009 920 2079 genere
941 2000 1019 2055 sunt
1043 1984 1153 2078 Psylli,
1173 1989 1295 2058 Marsi·
1333 1966 1346 2033 l

263 2209 310 2271 ts.
337 2203 441 2258 Duabus
461 2201 548 2256 litteris
560 2206 649 2272 grecis
671 2211 690 2256 P
710 2216 734 2255 et
778 2206 839 2277 plur
848 2206 942 2272 babet,
957 2208 1060 2269 tumido,
1077 2208 1167 2280 itaque
1176 2208 1295 2263 fortassis

221 2288 299 2339 A...
319 2284 474 2339 subnectebat
496 2283 569 2336 collo.
596 2282 671 2347 Quid
693 2284 735 2338 lus
778 2286 830 2357 legi
847 2299 950 2356 potest,
971 2288 1092 2350 tumidos,
1106 2300 1137 2341 ut
1155 2307 1296 2358 percussos

220 2367 273 2420 sibi
286 2367 380 2420 littero
391 2363 525 2416 voluerint
536 2380 586 2414 uec
599 2364 667 2426 scio,
683 2381 734 2417 nee
778 2377 883 2419 tautum
906 2367 987 2437 Psylli
1008 2379 1104 2420 curent
1125 2369 1183 2421 solo
1208 2381 1295 2434 tectu,

220 2448 357 2501 fructuose
390 2443 486 2514 eliquit
511 2441 578 2495 scire
610 2445 734 2513 pervelit.
777 2449 910 2515 jamvero
926 2459 1059 2500 tumentes
1078 2460 1163 2502 suctu.
1178 2447 1294 2504 Curres..

221 2523 336 2580 Namsd
354 2521 542 2595 lippitudinem
559 2536 676 2593 spectare
690 2523 735 2577 vix
780 2556 820 2566 -
839 2524 950 2580 Suetuce.
969 2526 1014 2580 Sic
1029 2527 1110 2579 etiam
1125 2528 1189 2599 Reg.
1206 2547 1217 2581 1
1233 2528 1294 2582 cod.

220 2604 359 2668 videntur,
376 2622 460 2674 quum
474 2603 566 2673 lippus
577 2603 611 2655 sit
625 2604 735 2673 proprie
780 2607 812 2657 ln
828 2607 892 2676 Reg.
909 2625 942 2669 s,
956 2619 983 2659 et
996 2605 1087 2660 chiffl.
1097 2608 1202 2671 tumido,
1215 2609 1294 2663 mate.

220 2687 342 2756 λιμαλέος
351 2722 358 2748 ,
367 2687 437 2754 λῆμα
452 2701 516 2734 vero
526 2680 670 2752 lippitudo.
685 2685 734 2736 Aa.
780 2685 904 2737 Deterius
918 2703 982 2738 vero
994 2685 1164 2756 chifflipse,
1181 2713 1192 2734 ι
1203 2700 1296 2741 suctu·

262 2767 308 2828 46.
332 2763 509 2815 Proedieantes.
532 2760 683 2825 Servilius,
709 2774 737 2814 et
779 2783 813 2816 ve
830 2763 945 2819 medico.
958 2790 969 2812 ι
986 2765 1099 2837 Egregie
1117 2766 1145 2818 in
1159 2785 1218 2820 eam
1236 2785 1296 2822 rem

222 2845 369 2898 Matienus.
384 2842 475 2897 Hero.
781 2844 887 2907 Celsus,
899 2845 935 2908 V,
945 2864 990 2912 ²7·
1003 2846 1166 2915 cujusverba
1175 2866 1207 2900 ex
1219 2859 1297 2918 perte

263 2933 309 2995 67.
325 2924 452 2978 Carmine.
463 2921 543 2975 Plurc
555 2920 603 2974 tibi
614 2935 737 2991 suggeret
781 2936 886 2977 tantum
900 2925 1055 2986 retulimus,
1068 2926 1113 2990 11,
1132 2943 1160 2980 v.
1177 2945 1211 2979 s:
1225 2953 1237 2976 ι
1252 2926 1296 2981 sd

222 3004 308 3059 Marc.
320 3005 399 3075 Emp.
412 3001 501 3056 Etiam
511 3021 527 3054 e
537 3001 618 3055 sacris
635 3001 738 3072 paginis
782 3004 945 3073 serpentium
959 3023 1079 3070 morsus,
1093 3006 1196 3077 iuquit,
1211 3008 1296 3062 bomo

222 3085 350 3154 repetite,
371 3082 509 3136 Feruelius
527 3080 562 3135 de
574 3079 671 3133 abditis
683 3083 735 3132 lle-
781 3080 1007 3147 adhibendusest,
1020 3086 1066 3156 qui
1074 3085 1171 3137 vulnus
1177 3101 1295 3158 exsugat.

223 3183 285 3216 rum
293 3164 370 3217 Cous.
380 3163 424 3228 ΙΙ,
436 3179 498 3233 pag.
511 3179 627 3232 9o‚seq.
640 3161 674 3213 H.
780 3161 877 3233 Neque
899 3164 1021 3218 hercules
1042 3164 1177 3217 scientium
1201 3169 1296 3238 praeci·

264 3243 314 3294 v1.
331 3239 734 3303 1.Homtnum.Lib.vt1‚2.1{.
779 3260 861 3313 pusm
880 3243 982 3297 babent
998 3243 1028 3296 bi
1044 3243 1091 3314 qui
1108 3244 1189 3317 Psylli
1207 3247 1296 3300 uomi-

267 3342 294 3375 s·
318 3319 421 3374 Suctuoe
438 3321 539 3372 modice.
559 3321 625 3390 Leg.
640 3331 737 3371 suctuve
780 3334 889 3388 nentur,
899 3321 945 3376 sed
954 3321 1090 3376 audaciam
1102 3342 1151 3377 usu
1162 3325 1221 3397 ipso
1231 3345 1296 3380 con·

225 3403 332 3463 medico,
347 3399 376 3453 id
389 3412 441 3463 est,
462 3398 602 3455 medicato.
620 3398 736 3451 Validus
780 3399 921 3456 firmatam.
930 3402 999 3455 Nam
1011 3421 1141 3456 venenum
1154 3409 1297 3476 serpentis,

225 3483 399 3541 enimsuccus
407 3479 451 3532 ille
460 3492 510 3543 est,
520 3499 575 3533 non
585 3476 735 3533 mediocris.
782 3493 812 3534 ut
818 3480 942 3552 quedam
951 3483 1031 3536 etiarn
1040 3484 1176 3538 venatorio
1184 3502 1296 3552 venena,

225 3559 739 3631 Primumenimssiivstsngebeturvul·
782 3561 880 3631 quibus
891 3562 961 3616 Galli
969 3564 1104 3636 praecipue
1112 3577 1296 3630 utuntur‚non

224 3662 289 3705 nus,
304 3653 482 3712 perciperet:
494 3635 592 3690 deinde
605 3656 737 3691 venenum
781 3640 926 3711 gustu‚sed
938 3643 965 3695 in
977 3644 1087 3696 vulnere
1096 3657 1206 3697 nocent.
1215 3644 1296 3698 Ideo·

223 3720 388 3779 carminibus
409 3729 438 3771 et
458 3717 546 3770 verbis
572 3718 735 3771 eliciebatur.
781 3739 834 3792 que
845 3724 955 3776 colubra
974 3735 1033 3776 tuto
1046 3734 1133 3788 estur,
1152 3724 1219 3778 ictus
1239 3729 1297 3796 ejus

221 3804 287 3857 Huc
297 3801 319 3853 si
330 3818 384 3852 uon
398 3797 544 3869 juvissent,
555 3809 631 3851 suctu
645 3797 736 3852 valido
781 3801 888 3855 occidit.
897 3804 932 3855 Et
942 3805 964 3854 si
973 3815 1099 3872 stupente
1109 3822 1152 3867 es,
1163 3803 1236 3876 qnod
1247 3824 1296 3876 per

220 3894 369 3937 extractum
388 3877 575 3950 exspuebatur.
589 3876 669 3949 Apud
680 3880 735 3931 Lu·
780 3880 903 3952 quiedam
917 3880 1110 3935 medicamenta
1123 3884 1296 3938 circulatores

219 3980 329 4023 canum,
345 3960 392 4013 lib.
408 3960 465 4022 tx,
476 3955 509 4011 de
521 3958 570 4011 bec
583 3975 614 4010 re
628 3958 733 4029 elegen·
778 3962 894 4023 faciuut,
906 3961 933 4012 io
948 3980 978 4013 os
987 3961 1102 4034 digitum
1115 3964 1174 4033 quis
1182 3963 1295 4026 indidit,

217 4043 311 4098 tissimi
325 4058 417 4094 versus
426 4051 537 4093 exstant.
548 4038 634 4090 Vetus
642 4056 732 4090 exem·
777 4058 865 4110 neque
884 4052 1099 4111 percussorem,
1119 4044 1192 4097 nulla
1214 4044 1242 4097 iu
1263 4062 1294 4098 ea
