2692 4808
162 363 209 450 48
426 367 465 434 C.
493 363 667 434 PLINII
693 364 801 433 Nar.
827 366 961 435 HlST.

162 500 358 569 seminarum
383 522 506 569 mense.
535 499 603 567 Aut
622 498 650 567 si
672 497 738 567 hoc
758 524 828 569 non
851 499 1029 593 contingit,
1052 496 1231 595 longinqui

162 606 263 694 fiunt,
274 591 499 699 maximeque⁸
516 602 708 674 comitiales.
727 606 820 694 Quin
835 620 869 676 ct
887 619 1073 700 ascrpcnte
1086 629 1129 675 ac
1145 632 1231 677 soor·

161 715 259 806 pione
277 736 451 806 percussos
465 712 555 779 coitu
572 709 673 781 levari
690 711 860 806 produnt:
878 737 994 781 verum
1013 710 1161 783 feminas
1172 715 1232 783 Vc·

160 842 240 887 nere
255 842 294 887 ea
308 817 392 887 laedi.
409 816 613 887 Oculorurn⁹
628 818 709 888 vitia
720 818 792 889 lieri
808 832 942 912 negant,
956 842 1019 889 neo
1031 816 1158 913 lippire
1170 842 1231 901 cos,

160 926 217 1020 qui
231 949 334 1018 quum
351 923 452 1017 pedes
470 922 602 1006 lavant,
619 948 707 1019 aqua
717 923 741 947 ¹⁰
761 924 838 993 inde
858 939 911 994 ter
927 923 1043 997 oculos
1061 939 1214 1019 tangant.

128 1059 139 1093 ι
213 1033 273 1101 xl.
295 1034 478 1100 Immatura
499 1044 607 1100 morte
624 1046 797 1124 raptorum
818 1055 935 1114 manu,
951 1046 1115 1119 strumas,
1139 1054 1232 1126 paro·

161 1136 259 1222 tidas‚
281 1151 432 1231 guttura,
458 1151 550 1207 tactu
571 1138 680 1208 sanari
702 1137 881 1207 affirmant.
900 1137 1049 1226 Quidam
1071 1162 1159 1235 uero
1178 1162 1233 1207 ou·

158 1243 356 1337 juscumquc
379 1242 548 1323 defuncti,
584 1243 757 1313 dumtaxat
783 1245 834 1314 sui
857 1268 978 1329 sexus,
1010 1243 1095 1313 laeva
1132 1266 1230 1315 manu

163 1373 289 1419 aversa.
305 1352 350 1418 Et
368 1375 387 1419 c
405 1349 494 1444 ligno
516 1347 647 1443 fulgure
667 1350 753 1435 icto,
771 1351 901 1444 rejectis
919 1363 996 1445 post
1013 1364 1110 1444 terga
1131 1350 1232 1421 maui-

164 1457 226 1525 bus
243 1456 430 1525 demorderi
452 1454 596 1550 aliquid,
620 1471 653 1524 ct
672 1456 716 1525 ad
737 1456 871 1526 dentem
893 1458 950 1551 qui
968 1455 1099 1544 doleat,
1125 1456 1232 1527 admo·

162 1563 250 1647 veri,
263 1561 411 1631 remedio
426 1586 498 1631 csse
513 1561 672 1655 produnt.
699 1562 801 1633 Sunt¹
815 1565 874 1657 qui
892 1565 1090 1658 praecipiaut
1100 1562 1231 1635 dentem

162 1667 268 1738 suffiri
285 1668 385 1737 dente
407 1667 552 1737 hominis
574 1669 625 1738 sui
647 1693 767 1739 serus:
786 1684 916 1739 etcum
936 1671 994 1764 qui
1012 1671 1156 1741 caninus
1173 1694 1231 1740 ro-

162 1866 270 1932 Celcut,
290 1865 334 1929 11,
357 1883 388 1929 r,
408 1863 446 1917 tic
463 1864 652 1935 interpretatur
667 1881 674 1916 :
719 1864 831 1936 gationis
841 1865 870 1916 in
883 1862 1019 1919 leminis...
1029 1865 1107 1919 facile
1117 1864 1231 1937 detergi:

163 1946 211 1999 «Si
221 1964 272 2016 qua
282 1944 361 1996 etium
372 1962 469 2014 genera
480 1944 636 1996 morborum
648 1944 676 1997 iu
720 1943 793 2015 quod
828 1944 850 1997 si
880 1945 990 1997 minimo
1014 1947 1152 2012 evenerit,
1179 1946 1231 2018 ple·

161 2025 290 2081 infantem
302 2022 469 2089 inciderunt,
484 2043 515 2079 ao
527 2042 614 2094 noque
625 2042 677 2093 pu·
720 2042 834 2097 rumque
845 2024 957 2094 patienti
971 2026 1151 2087 consenescit.
1162 2038 1231 2080 eto·

161 2108 280 2169 hortata,
307 2121 395 2176 neque
423 2105 518 2176 primic
548 2103 677 2168 coitibus,
721 2103 867 2168 Ceterum,
881 2115 910 2155 ut
924 2102 953 2156 id
969 2102 1105 2157 corollarii
1118 2102 1232 2160 viced-

162 2204 249 2257 nequc
264 2186 291 2238 in
310 2184 409 2238 femina
423 2184 517 2257 primia
535 2184 677 2237 menstruis
718 2184 825 2254 jiciam,
838 2183 933 2235 morbus
947 2183 1089 2249 comitialis,
1102 2198 1133 2239 ut
1148 2186 1233 2240 Catu·

162 2267 238 2320 linita
249 2276 326 2330 sunt,
337 2265 393 2317 fere
404 2264 484 2334 longa
494 2274 564 2317 sunt.
576 2288 588 2309 ·
605 2262 677 2316 Vide
721 2262 922 2328 animadvertit,
935 2264 975 2329 Π,
990 2265 1026 2327 8,
1044 2289 1056 2313 ι
1066 2276 1127 2336 pout
1135 2281 1233 2321 uuum

162 2365 223 2417 quc
242 2344 357 2397 diximus
371 2344 443 2407 VII,
466 2342 512 2396 51.
530 2343 621 2396 Hirro.
636 2371 677 2389 -
721 2344 845 2414 quintum
855 2354 883 2396 et
894 2343 1050 2399 vicesimum
1064 2356 1159 2408 ortua,
1172 2361 1233 2416 ogre

164 2428 274 2479 Multa„
288 2443 372 2476 mense.
387 2422 419 2476 ld
439 2442 531 2476 verum
548 2421 677 2493 quadam·
721 2435 829 2476 curatur
847 2443 855 2477 ι
875 2422 1014 2495 multoque
1033 2423 1129 2495 πρὶν·
1148 2424 1174 2479 iu
1190 2422 1235 2497 qui

164 2520 251 2569 tenus,
263 2522 417 2575 quanquam
426 2503 514 2557 necin
525 2502 575 2554 iata
588 2503 677 2573 inqui·
720 2515 781 2575 post
792 2500 1020 2573 quadragesimum
1036 2522 1137 2557 anuum
1148 2505 1235 2576 oepitt

163 2586 244 2639 citum
257 2584 328 2647 ratic,
340 2596 367 2636 et
382 2583 426 2636 rix
437 2583 522 2653 porris
534 2581 677 2636 decernere
721 2581 787 2637 adeo
800 2595 831 2635 ut
846 2583 874 2633 in
889 2601 919 2635 ca
932 2594 1009 2637 atate
1023 2582 1127 2653 aliquid
1142 2584 1172 2638 in
1191 2602 1236 2637 na·

162 2685 197 2718 an
220 2661 296 2736 quod
318 2663 398 2716 tumel
419 2662 508 2715 creuit
532 2675 622 2733 postea
642 2663 678 2715 ait
720 2676 779 2717 tura
795 2662 867 2732 spei,
880 2662 925 2713 rix
940 2660 1086 2732 quidquam
1103 2664 1130 2715 in
1153 2662 1237 2719 uredi-

163 2762 345 2801 succursurum
358 2743 479 2796 feliciter.
495 2743 542 2794 Aa.
721 2743 782 2799 cina
795 2742 839 2794 cit,
852 2767 863 2787 ι
880 2741 975 2793 Hirro.

204 2833 228 2880 t.
245 2825 406 2895 Maximeque.
421 2822 490 2875 Cela.
503 2819 537 2874 dc
550 2821 678 2874 comitiali
763 2841 789 2890 9.
799 2821 938 2875 Oculorum.
947 2821 1239 2891 Marc.Eu1p.totidm

162 2907 274 2971 morbo,
290 2905 351 2968 111,
367 2902 423 2956 23:
444 2927 455 2948 ι
466 2902 542 2973 Saepc
559 2920 637 2963 eum,
655 2901 677 2954 ci
720 2902 822 2964 verbis,
836 2902 867 2962 5,
878 2918 938 2972 pag.
953 2899 1120 2963 56‚ctScxt.
1131 2902 1240 2957 Platon.

161 2985 279 3040 remedia
287 3003 342 3039 uon
351 2982 529 3045 sustulerunt,
541 2981 568 3033 in
579 2981 678 3053 puerit,
721 2980 756 3037 de
770 2999 870 3051 puero,
884 2993 935 3035 etc.
952 2997 997 3051 17,
1015 2980 1055 3033 tit.
1071 2982 1102 3042 t,
1118 2982 1157 3034 «d
1166 2984 1241 3055 [φρί-

163 3067 293 3125 Veneris,
308 3065 336 3117 in
351 3063 466 3135 puellis,
479 3074 677 3115 menstruorum
722 3064 827 3113 tudinem
840 3060 970 3114 oculorum.
984 3059 1077 3113 Hann-

162 3146 269 3199 iuitium
295 3145 402 3197 tollit.»
431 3142 516 3196 Scrib.
539 3144 618 3213 Larg.
642 3140 677 3194 do
766 3160 807 3193 ro.
820 3141 896 3212 Aqua
911 3141 967 3192 indc
978 3151 1015 3191 ter
1031 3141 1112 3193 occulos
1123 3154 1240 3212 tangat.

163 3224 259 3279 morbo
271 3224 413 3286 comitiali,
427 3240 515 3291 comp.
530 3223 577 3275 18:
592 3219 678 3274 «titud
720 3218 820 3275 Eadem
848 3218 1053 3273 commendatur
1077 3219 1111 3275 ud
1135 3221 1243 3277 ventris

57 3301 71 3317 ⁶
162 3304 384 3373 tamen,inquit,
401 3322 456 3355 non
475 3313 582 3370 oportet
599 3302 676 3369 igno·
720 3298 898 3365 dolorer‚lib.
911 3300 1006 3362 XXX,
1021 3319 1079 3370 cup.
1092 3318 1121 3369 7.
1133 3302 1241 3357 Dine.

161 3403 249 3439 rare...
271 3401 368 3451 pueros
383 3382 426 3434 vel
439 3381 556 3453 uirginea
569 3378 676 3433 liberari
760 3381 810 3433 XI.
835 3399 857 3432 1.
877 3378 949 3431 Sunt.
970 3379 1144 3433 Innocentior
1158 3382 1243 3452 paulo

161 3479 222 3539 port
246 3462 415 3532 complexum
439 3474 466 3514 et
486 3459 677 3531 devirginatio·
719 3458 1241 3530 Habdarrahmauiffigyptiimedicim‚

161 3563 232 3598 nem.
243 3568 254 3590 ι
271 3541 337 3595 Cael,
352 3541 442 3593 Aurel.
459 3542 560 3595 Chron.
574 3539 608 3593 de
618 3539 676 3610 epi·
721 3559 779 3610 cup.
799 3559 829 3604 r,
842 3558 869 3609 p.
887 3539 922 3591 35
937 3557 944 3590 ε
966 3540 1015 3592 «si
1030 3558 1089 3593 oure
1102 3538 1242 3597 demortui

161 3624 250 3696 lcpsirc
268 3622 380 3685 morbo,
397 3621 425 3684 Ι,
448 3627 481 3682 4,
497 3620 626 3692 quosdam
640 3619 678 3674 ait
720 3619 838 3673 hominis
850 3632 940 3690 tanges
953 3617 1044 3673 denter
1053 3616 1164 3675 dolores
1174 3621 1245 3675 infe·

165 3703 232 3755 -vel
254 3719 332 3753 naum
346 3716 506 3764 venereum,
525 3702 566 3753 vel
583 3713 676 3754 contra
719 3712 825 3760 rentes,
848 3700 1051 3755 curabuntur·
1076 3700 1112 3752 Et
1130 3718 1159 3753 u.
1184 3708 1243 3767 40:

161 3782 365 3836 cunuchismum
373 3777 525 3833 faciendum
533 3781 647 3851 probare
653 3799 676 3835 na
723 3806 735 3827 ι
748 3780 879 3833 molarem
890 3779 1008 3833 hominia
1020 3776 1157 3833 demortui
1173 3778 1244 3835 den·

160 3862 235 3935 quod
249 3862 304 3933 ipse
318 3860 470 3931 paulopost
484 3859 627 3932 improbat.
641 3860 677 3913 Et
720 3873 775 3913 tem
795 3861 815 3912 ci
837 3859 982 3930 suspendet
1002 3877 1083 3930 cuper
1101 3859 1244 3917 hominen

161 3944 332 4012 paoloantc:
350 3939 514 3993 «Solcthrac
527 3941 613 4011 passio
627 3959 676 4011 pu·
719 3940 887 3993 laborantem
921 3937 1044 3992 dentium
1079 3936 1244 4009 doloribus,

160 4023 269 4077 ber-ratis
290 4035 428 4092 tempore,
449 4019 505 4073 cire
521 4039 595 4074 nova
610 4038 677 4090 pur·
721 4019 828 4073 dolores
841 4019 881 4071 illi
895 4019 1098 4089 mitigabuntur.
1111 4045 1123 4069 ι
1144 4018 1242 4079 liam.
