2700 4800
191 328 212 394 a
363 279 367 285 ’
460 328 499 396 o.
525 326 693 396 erran
716 331 824 400 nar.
851 331 981 400 rusr.

190 461 406 553 Quapropter
430 458 497 528 hoc
521 459 671 552 primum
686 462 825 556 quisque
844 464 880 531 in
901 461 1055 533 remediis
1079 466 1180 534 animi
1207 466 1259 536 sui

91 584 112 623 t
191 565 312 634 lrabeat
326 589 334 632 ε
350 588 398 635 rx
413 588 575 635 orrurnns
594 589 716 653 roms,
744 593 817 662 quae
835 568 972 638 homini·
988 570 1104 642 tribuit
1124 586 1259 658 natura,
1342 652 1345 656 ,

97 760 100 765 4
192 670 320 740 nullum
335 669 453 740 melius
474 695 544 740 esse
562 674 760 767 tempestiva
774 689 882 744 morte
892 673 933 744 ¹⁹:
945 675 1044 771 idque
1056 678 1100 746 'in
1119 702 1158 747 ea
1170 680 1258 772 opti·

104 798 109 817 ³
192 802 302 863 mum,
320 774 410 870 quod
432 775 522 845 illam
541 777 603 846 sibi
618 780 757 874 quisque
774 795 930 876 praestare
948 784 1081 877 poterit.

159 908 170 941 ι
244 878 399 970 111.(11.)
437 884 488 951 Ex
510 881 645 952 homine
676 887 899 956 remediorum
925 889 1071 984 primum
1106 892 1261 960 maximae

190 989 395 1082 quaestionis,
409 1003 444 1057 et
453 1013 585 1083 semper
595 991 729 1061 incertae
740 1008 808 1081 est,
822 992 996 1063 valeantne
1012 992 1135 1090 aliquid
1155 997 1260 1066 verba

189 1108 223 1163 et
239 1097 484 1164 incantamenta
502 1096 718 1165 carminum¹.
738 1098 840 1188 Quod
853 1100 881 1168 si
894 1099 1025 1169 verum²
1040 1117 1107 1191 est,
1117 1089 1259 1172 homini³

187 1263 214 1315 vi
220 1302 228 1329 ,
239 1262 398 1335 suspendio,
413 1276 459 1318 aut
472 1263 593 1337 quolibet
602 1263 701 1332 modo,
743 1285 792 1320 seu
810 1266 910 1339 potius.
926 1266 1049 1341 Namque
1066 1282 1106 1322 est
1127 1289 1171 1323 res
1187 1281 1259 1323 certa

186 1362 237 1414 ego
250 1341 388 1408 dentibus,
403 1344 540 1409 ossiculis,
558 1362 639 1397 carne
652 1345 702 1396 mi·
743 1347 822 1399 saluti
831 1346 963 1413 Currum,
978 1348 1011 1400 ab
1020 1348 1131 1402 occultis
1139 1348 1260 1402 tribuens

186 1441 280 1480 uorem
289 1423 528 1486 fmerimtttitme
537 1422 638 1494 judice.
645 1423 699 1478 ssd
744 1425 874 1480 miracula
885 1425 980 1479 verbis.
990 1451 1001 1474 ι
1015 1425 1084 1481 Hinc
1093 1440 1120 1481 et
1134 1419 1257 1499 Euripid.

187 1521 244 1556 non
256 1501 349 1557 eadem
362 1500 513 1574 responsio,
532 1504 555 1556 si
566 1501 699 1557 dicerem:
744 1504 773 1557 in
794 1505 945 1576 Hippolyto
964 1519 1112 1561 coronato:
1140 1514 1259 1562 Narrare

186 1581 261 1648 Quid
278 1581 460 1648 absurditatis,
477 1583 501 1637 si
523 1600 554 1635 ex
575 1583 701 1638 interem·
744 1579 804 1638 d’sb
815 1592 870 1646 πῶς
882 1586 927 1661 τὴν
940 1586 1008 1638 νόσον
1019 1587 1183 1658 καταςρίφου.
1190 1587 1258 1647 Εἰσὶν

186 1676 295 1733 ptorum
307 1659 518 1735 vi‚suspendio‚
530 1674 576 1714 aut
587 1661 701 1715 suicidio
743 1659 771 1716 d·
787 1659 901 1735 ἐπῳδαὶ,
916 1664 958 1717 καὶ
968 1666 1034 1735 λόγοι
1048 1666 1194 1736 θιλκπῐριοι·
1209 1675 1260 1720 Φα-

187 1742 317 1814 quolibet,
327 1760 378 1795 nec
389 1741 702 1814 crematorum,reliquiia
744 1743 845 1801 erinacei
857 1764 881 1797 τι
892 1739 972 1802 riade
981 1745 1107 1815 φάρμακον
1117 1747 1196 1799 νόσου.
1206 1745 1257 1798 Aa.

187 1821 313 1875 credatur
334 1841 411 1893 posse
434 1822 514 1876 utiles
532 1822 629 1875 confici
648 1839 702 1876 me·
786 1844 811 1876 a.
827 1823 903 1893 Quod
912 1826 934 1876 εἰ
944 1826 1178 1892 o.sst,etc.Voss.
1190 1837 1261 1890 tres,

189 1901 284 1956 delas?
305 1906 353 1955 Aa.
570 1896 575 1903 ’
744 1900 817 1957 Gud.
832 1900 915 1956 Aoad.
933 1916 1092 1974 «acceptum
1103 1904 1162 1958 fieri
1176 1922 1259 1977 opor·

232 1982 701 2052 19.Exomatasaoaa...ampenoa
745 1994 809 2036 tere.
821 2008 832 2030 ι
849 1981 894 2035 Sic
904 1983 922 2034 1.
935 1982 1066 2047 XXXIV,
1081 1989 1113 2050 ¹4
1126 2002 1133 2036 :
1147 2012 1158 2032 ι
1167 2002 1260 2059 quam·

188 2075 272 2115 morte.
293 2063 474 2115 Eranescente
493 2061 615 2114 libertate
630 2058 702 2132 apud
746 2062 841 2115 obrem
854 2063 933 2132 calpa
954 2063 1010 2133 ejus
1025 2076 1194 2116 nonnaturoe
1214 2063 1261 2127 fiat
1319 2096 1321 2100 <

187 2144 332 2206 Romanos,
338 2141 426 2195 subito
435 2153 547 2212 grassata
556 2153 596 2193 est
604 2137 704 2193 doctri·
746 2154 855 2213 accepta
868 2166 879 2189 ι
894 2160 902 2207 ;
915 2153 941 2197 ct
954 2140 1067 2195 eodem:
1085 2169 1096 2190 ι
1109 2143 1137 2195 in
1152 2143 1260 2214 Cappa·

188 2240 223 2275 ns
236 2220 404 2275 dcsuicidio.
418 2219 513 2282 Bruti,
528 2219 627 2285 Cassii,
640 2219 702 2272 Uti·
746 2219 824 2274 docia
844 2232 948 2274 tantum
970 2221 1080 2293 questio
1104 2234 1162 2287 est,
1183 2240 1260 2293 aquae

188 2303 291 2366 censis,
302 2314 329 2355 et
343 2302 443 2357 Porciae
452 2299 582 2370 exemplis
591 2298 702 2370 vestigia
746 2313 792 2353 aut
806 2313 883 2353 terra
895 2299 943 2353 fiat
955 2313 1093 2372 acceptum
1106 2320 1131 2366 ·;
1144 2301 1164 2356 Ι.
1175 2301 1259 2367 VIII,

188 2383 315 2454 impressa
336 2399 395 2452 quas
419 2381 447 2434 in
470 2392 570 2433 aetatem
595 2379 702 2450 longam
750 2398 800 2451 17:
817 2381 906 2433 «Nam
920 2378 1023 2450 quode
1035 2380 1181 2434 infantibus
1194 2382 1261 2434 fers·

189 2460 320 2515 duravere
339 2472 367 2513 et
385 2457 495 2512 vivendi
519 2457 703 2529 poenitentiam
746 2478 808 2512 rum
830 2459 897 2514 lacte
919 2459 1045 2523 nutritia,
1067 2478 1151 2532 quum
1173 2474 1260 2514 essent

189 2540 396 2613 generosissimis
426 2539 521 2593 animis
545 2538 702 2590 intulerant.
746 2538 876 2611 expositi,
889 2536 1055 2610 produntur,
1065 2539 1134 2593 sicut
1146 2539 1180 2592 de
1193 2559 1259 2593 con·

190 2623 253 2674 Post
279 2619 428 2672 Pliniauam
454 2631 555 2673 etatem
586 2617 705 2670 obtinuit
746 2615 881 2671 ditoribas
892 2617 989 2671 nostris
1003 2636 1018 2670 a
1031 2619 1111 2690 lupa,
1127 2620 1259 2692 maguitu-

189 2702 279 2755 minus
292 2698 454 2753 auctoritatis
463 2696 704 2765 melancholia,nec
747 2696 804 2750 dini
819 2698 934 2751 fatorum
950 2711 1056 2769 accepta
1068 2697 1127 2750 fieri
1142 2699 1258 2768 aequius.

190 2782 250 2854 plus
265 2778 373 2833 duravit
385 2778 532 2848 disciplinas
547 2777 635 2831 feralis
652 2777 704 2829 im·
747 2796 828 2850 quarn
846 2778 961 2831 ferarum
975 2789 1089 2839 naturas,
1105 2779 1230 2832 arbitror.
1243 2804 1256 2825 ι

189 2861 296 2933 perium
317 2878 397 2931 quam
425 2859 525 2911 amissa
546 2856 703 2928 reipublicae
747 2857 791 2910 Sic
804 2857 878 2908 enim
888 2855 1006 2910 Chifflet.
1017 2869 1044 2909 et
1053 2857 1177 2911 Vossiani
1189 2855 1256 2918 duo.

190 2940 333 2995 anemoria:
349 2957 500 3011 quanquam
511 2955 580 3009 srepe
589 2937 641 3008 ipsi
654 2935 706 2988 sibi
747 2935 795 2989 ubi
807 2936 888 3007 vulgo
902 2935 979 2989 etiam
989 2936 1061 3003 ferri.
1076 2936 1140 2990 Scio
1155 2950 1260 3000 tamen,

191 3040 285 3074 manus
299 3021 420 3073 solebant
433 3017 551 3073 conscire
564 3017 627 3087 qui,
641 3034 704 3087 pur·
746 3015 794 3069 lib.
809 3017 851 3081 11,
867 3031 902 3085 7:
921 3041 933 3063 ι
942 3014 1007 3068 huic
1025 3017 1116 3070 omnia
1131 3035 1259 3087 expensa,

191 3119 259 3173 pura
272 3111 420 3171 assumpta,
431 3102 483 3170 jam
494 3097 522 3150 in
538 3116 569 3149 eo
588 3108 663 3150 erant
675 3109 705 3149 ut
747 3094 813 3149 huic
826 3095 1064 3167 terunturaoeepu
1076 3115 1102 3162 ις
1118 3107 1143 3147 et
1157 3096 1175 3148 1.
1189 3096 1258 3157 ΧΗ,

192 3180 372 3245 vincerentur,
392 3176 574 3239 traderentur,
594 3188 641 3230 aut
656 3175 704 3246 qni
751 3176 806 3228 18:
832 3193 914 3246 aquae
926 3175 979 3228 hoc
997 3187 1137 3244 acceptum
1156 3177 1259 3245 superis

191 3261 226 3313 ab
240 3261 401 3330 imperatore
413 3256 531 3311 damnati
544 3267 628 3308 erant.
643 3257 689 3307 Aa.
748 3255 850 3308 tersr.-.
867 3255 970 3307 Plinioa
983 3255 1059 3315 alter,
1067 3253 1114 3306 lib.
1125 3254 1167 3318 11,
1182 3255 1258 3325 epist.

232 3341 284 3392 ΙΙΙ.
311 3358 336 3393 a.
360 3338 497 3391 Valeantae
517 3335 612 3406 ala'qaa'd
628 3333 703 3386 acrba
750 3340 786 3398 d:
804 3331 960 3405 aquidquid
970 3332 1037 3385 mihi
1050 3345 1125 3404 pater
1138 3346 1198 3386 tuus
1212 3333 1259 3386 de·

192 3433 216 3473 et
240 3423 418 3472 incantamenta
437 3419 575 3470 carminum.
596 3416 649 3468 Res
671 3412 705 3466 de
749 3415 824 3478 buit,
840 3425 980 3484 acceptum
999 3411 1047 3464 tibi
1065 3413 1129 3465 terri
1141 3414 1254 3481 jubeo.-

192 3519 245 3574 qua
259 3498 342 3553 bodie
357 3497 429 3568 apud
450 3498 517 3549 solas
531 3512 596 3547 auus
612 3493 704 3563 dispu·
748 3493 806 3545 Ubi
818 3505 906 3545 tamen
925 3493 1087 3546 membranae
1104 3491 1188 3545 Acad.
1202 3512 1259 3545 non

193 3579 312 3633 tandum.
338 3577 391 3631 Sed
415 3576 480 3630 olim
506 3575 615 3646 questio
643 3573 702 3626 suit.
748 3569 918 3642 spernendas,
934 3585 1094 3644 «acceptum
1107 3572 1156 3624 tibi
1169 3572 1256 3625 fieri..

192 3661 263 3715 Hinc
276 3657 454 3712 Vindicianus
469 3675 476 3708 r
500 3682 511 3702 .
523 3653 601 3705 Surus
623 3653 704 3724 igitur
748 3652 817 3705 Nam
827 3664 854 3705 et
862 3651 915 3714 sic,
925 3650 1032 3716 lib.V1‚
1045 3670 1089 3721 ep.
1100 3670 1195 3704 axxrv:
1209 3679 1220 3699 ι
1230 3664 1259 3704 tu

192 3743 328 3798 medicum
341 3757 392 3811 pro
403 3750 539 3806 tempore,
552 3751 654 3805 proque
668 3733 704 3785 la·
748 3744 836 3784 tamen
854 3733 989 3796 meruisti,
1009 3743 1040 3784 ut
1057 3742 1195 3801 acceptum
1210 3731 1259 3783 tibi

192 3828 276 3888 bore,
290 3825 375 3875 AEtats
390 3830 469 3888 atque
483 3813 591 3878 babitu,
602 3831 703 3866 summa
748 3812 823 3866 fieret
834 3837 858 3863 ι.
877 3812 968 3864 Gaon.

191 3906 294 3959 ratione
305 3911 425 3972 paratus,
438 3895 564 3948 Gramine
573 3911 618 3945 sen
629 3894 705 3946 malis
791 3893 816 3945 3.
841 3890 951 3943 Homini.
970 3891 1045 3945 MSS.
1061 3889 1127 3945 dant
1139 3903 1259 3961 ascsptam

191 4003 262 4056 aegro
278 3991 404 4054 prestare
418 3974 562 4039 medelam,
580 3972 704 4027 Carmine
741 3971 808 4042 sacri.
830 3970 919 4023 Haan.
