<?xml version="1.0" encoding="UTF-8"?>
<!DOCTYPE html PUBLIC "-//W3C//DTD XHTML 1.0 Transitional//EN"
    "http://www.w3.org/TR/xhtml1/DTD/xhtml1-transitional.dtd">
<html xmlns="http://www.w3.org/1999/xhtml" xml:lang="en" lang="en">
 <head>
  <title>
</title>
<meta http-equiv="Content-Type" content="text/html;charset=utf-8" />
  <meta name='ocr-system' content='tesseract 3.04.00' />
  <meta name='ocr-capabilities' content='ocr_page ocr_carea ocr_par ocr_line ocrx_word'/>
</head>
<body>
  <div class='ocr_page' id='page_1' title='image "bibliothecaclas64lemagoog_0021.png"; bbox 0 0 2700 4800; ppageno 0'>
   <div class='ocr_carea' id='block_1_1' title="bbox 193 288 992 390">
    <p class='ocr_par' dir='ltr' id='par_1_1' title="bbox 193 288 992 390">
     <span class='ocr_line' id='line_1_1' title="bbox 193 288 992 390; baseline -0.004 -1"><span class='ocrx_word' id='word_1_1' title='bbox 193 317 217 389; x_wconf 84' lang='lat' dir='ltr'>s</span> <span class='ocrx_word' id='word_1_2' title='bbox 338 288 342 301; x_wconf 81' lang='grc'><em>“</em></span> <span class='ocrx_word' id='word_1_3' title='bbox 467 323 507 390; x_wconf 85' lang='lat' dir='ltr'>c.</span> <span class='ocrx_word' id='word_1_4' title='bbox 534 321 702 390; x_wconf 71' lang='lat' dir='ltr'>perun</span> <span class='ocrx_word' id='word_1_5' title='bbox 727 320 837 390; x_wconf 74' lang='lat' dir='ltr'>nir.</span> <span class='ocrx_word' id='word_1_6' title='bbox 864 319 992 386; x_wconf 84' lang='lat' dir='ltr'>nrsr.</span> 
     </span>
    </p>
   </div>
   <div class='ocr_carea' id='block_1_2' title="bbox 136 451 1348 2034">
    <p class='ocr_par' dir='ltr' id='par_1_2' title="bbox 136 451 1348 2034">
     <span class='ocr_line' id='line_1_2' title="bbox 194 451 1262 548; baseline -0.001 -26"><span class='ocrx_word' id='word_1_7' title='bbox 194 453 391 523; x_wconf 81' lang='lat' dir='ltr'>medicina:</span> <span class='ocrx_word' id='word_1_8' title='bbox 420 455 553 548; x_wconf 83' lang='lat' dir='ltr'>egregia</span> <span class='ocrx_word' id='word_1_9' title='bbox 579 451 714 522; x_wconf 81' lang='lat' dir='ltr'>hercule</span> <span class='ocrx_word' id='word_1_10' title='bbox 740 452 974 539; x_wconf 79' lang='lat' dir='ltr'><strong>frustratione,</strong></span> <span class='ocrx_word' id='word_1_11' title='bbox 1001 453 1121 522; x_wconf 91' lang='lat' dir='ltr'>sinon</span> <span class='ocrx_word' id='word_1_12' title='bbox 1146 454 1262 546; x_wconf 62' lang='lat' dir='ltr'>prosit}</span> 
     </span>
     <span class='ocr_line' id='line_1_3' title="bbox 194 542 1348 654; baseline -0.003 -25"><span class='ocrx_word' id='word_1_13' title='bbox 194 559 328 654; x_wconf 79' lang='lat' dir='ltr'>Adspici</span> <span class='ocrx_word' id='word_1_14' title='bbox 345 558 492 628; x_wconf 79' lang='lat' dir='ltr'>humens</span> <span class='ocrx_word' id='word_1_15' title='bbox 513 572 588 627; x_wconf 82' lang='lat' dir='ltr'>exte</span> <span class='ocrx_word' id='word_1_16' title='bbox 605 558 706 629; x_wconf 82' lang='lat' dir='ltr'>nefas</span> <span class='ocrx_word' id='word_1_17' title='bbox 727 542 909 627; x_wconf 79' lang='lat' dir='ltr'>habetur⁸:</span> <span class='ocrx_word' id='word_1_18' title='bbox 927 557 1007 652; x_wconf 89' lang='lat' dir='ltr'>quid</span> <span class='ocrx_word' id='word_1_19' title='bbox 1028 556 1164 626; x_wconf 77' lang='lat' dir='ltr'>mnndi?</span> <span class='ocrx_word' id='word_1_20' title='bbox 1177 559 1265 647; x_wconf 80' lang='lat' dir='ltr'>Qu‘u</span> <span class='ocrx_word' id='word_1_21' title='bbox 1344 594 1348 604; x_wconf 95' lang='lat'>·</span> 
     </span>
     <span class='ocr_line' id='line_1_4' title="bbox 195 661 1264 758; baseline -0.002 -24"><span class='ocrx_word' id='word_1_22' title='bbox 195 667 257 735; x_wconf 81' lang='lat' dir='ltr'>ists</span> <span class='ocrx_word' id='word_1_23' title='bbox 275 667 402 735; x_wconf 80' lang='lat' dir='ltr'>inuenit</span> <span class='ocrx_word' id='word_1_24' title='bbox 421 661 595 735; x_wconf 79' lang='lat' dir='ltr'>ostenta⁹i</span> <span class='ocrx_word' id='word_1_25' title='bbox 610 668 736 739; x_wconf 84' lang='lat' dir='ltr'>Tecum</span> <span class='ocrx_word' id='word_1_26' title='bbox 755 666 844 736; x_wconf 85' lang='lat' dir='ltr'>enim</span> <span class='ocrx_word' id='word_1_27' title='bbox 864 688 917 734; x_wconf 85' lang='lat' dir='ltr'>res</span> <span class='ocrx_word' id='word_1_28' title='bbox 932 664 1012 751; x_wconf 90' lang='lat' dir='ltr'>erit,</span> <span class='ocrx_word' id='word_1_29' title='bbox 1030 688 1165 734; x_wconf 84' lang='lat' dir='ltr'>eversor</span> <span class='ocrx_word' id='word_1_30' title='bbox 1179 664 1264 758; x_wconf 86' lang='lat' dir='ltr'>juris</span> 
     </span>
     <span class='ocr_line' id='line_1_5' title="bbox 194 770 1264 866; baseline -0.005 -23"><span class='ocrx_word' id='word_1_31' title='bbox 194 771 351 858; x_wconf 80' lang='lat' dir='ltr'>humani,</span> <span class='ocrx_word' id='word_1_32' title='bbox 381 785 673 865; x_wconf 84' lang='lat' dir='ltr'>monstrorumque</span> <span class='ocrx_word' id='word_1_33' title='bbox 693 770 831 859; x_wconf 81' lang='lat' dir='ltr'>artifex,</span> <span class='ocrx_word' id='word_1_34' title='bbox 857 773 912 866; x_wconf 89' lang='lat' dir='ltr'>qui</span> <span class='ocrx_word' id='word_1_35' title='bbox 934 772 1061 865; x_wconf 89' lang='lat' dir='ltr'>primus</span> <span class='ocrx_word' id='word_1_36' title='bbox 1082 794 1122 839; x_wconf 86' lang='lat' dir='ltr'>en</span> <span class='ocrx_word' id='word_1_37' title='bbox 1143 770 1264 840; x_wconf 89' lang='lat' dir='ltr'>condi·</span> 
     </span>
     <span class='ocr_line' id='line_1_6' title="bbox 161 875 1266 964; baseline -0.001 -19"><span class='ocrx_word' id='word_1_38' title='bbox 161 883 177 945; x_wconf 71' lang='lat'>‚³</span> <span class='ocrx_word' id='word_1_39' title='bbox 195 877 271 947; x_wconf 83' lang='lat' dir='ltr'>disti</span> <span class='ocrx_word' id='word_1_40' title='bbox 286 903 294 949; x_wconf 76' lang='grc' dir='ltr'><strong><em>ε</em></strong></span> <span class='ocrx_word' id='word_1_41' title='bbox 311 875 430 964; x_wconf 75' lang='lat' dir='ltr'>credo,</span> <span class='ocrx_word' id='word_1_42' title='bbox 449 901 491 947; x_wconf 91' lang='lat' dir='ltr'>ne</span> <span class='ocrx_word' id='word_1_43' title='bbox 510 879 578 947; x_wconf 79' lang='lat' dir='ltr'>vitu</span> <span class='ocrx_word' id='word_1_44' title='bbox 596 879 645 948; x_wconf 91' lang='lat' dir='ltr'>tui</span> <span class='ocrx_word' id='word_1_45' title='bbox 662 877 922 948; x_wconf 78' lang='lat' dir='ltr'>oblivisceremr.</span> <span class='ocrx_word' id='word_1_46' title='bbox 948 876 1033 964; x_wconf 90' lang='lat' dir='ltr'>Quis</span> <span class='ocrx_word' id='word_1_47' title='bbox 1054 877 1181 945; x_wconf 84' lang='lat' dir='ltr'>invenit</span> <span class='ocrx_word' id='word_1_48' title='bbox 1199 878 1266 945; x_wconf 91' lang='lat' dir='ltr'>sin-</span> 
     </span>
     <span class='ocr_line' id='line_1_7' title="bbox 193 981 1266 1077; baseline -0.001 -25"><span class='ocrx_word' id='word_1_49' title='bbox 193 982 272 1077; x_wconf 77' lang='lat' dir='ltr'>guia</span> <span class='ocrx_word' id='word_1_50' title='bbox 283 983 431 1057; x_wconf 80' lang='lat' dir='ltr'>membru</span> <span class='ocrx_word' id='word_1_51' title='bbox 448 983 595 1057; x_wconf 78' lang='lat' dir='ltr'>humens</span> <span class='ocrx_word' id='word_1_52' title='bbox 608 982 789 1055; x_wconf 76' lang='lat' dir='ltr'>mandere?</span> <span class='ocrx_word' id='word_1_53' title='bbox 800 1006 866 1077; x_wconf 86' lang='lat' dir='ltr'>qua</span> <span class='ocrx_word' id='word_1_54' title='bbox 883 983 1075 1077; x_wconf 79' lang='lat' dir='ltr'>conjectura</span> <span class='ocrx_word' id='word_1_55' title='bbox 1089 981 1266 1051; x_wconf 81' lang='lat' dir='ltr'>inductus?</span> 
     </span>
     <span class='ocr_line' id='line_1_8' title="bbox 194 1087 1265 1185; baseline -0.001 -27"><span class='ocrx_word' id='word_1_56' title='bbox 194 1089 307 1177; x_wconf 79' lang='lat' dir='ltr'>Quam</span> <span class='ocrx_word' id='word_1_57' title='bbox 325 1103 436 1184; x_wconf 88' lang='lat' dir='ltr'>potest</span> <span class='ocrx_word' id='word_1_58' title='bbox 450 1090 613 1163; x_wconf 85' lang='lat' dir='ltr'>medicina</span> <span class='ocrx_word' id='word_1_59' title='bbox 626 1092 688 1160; x_wconf 84' lang='lat' dir='ltr'>ists</span> <span class='ocrx_word' id='word_1_60' title='bbox 699 1090 861 1185; x_wconf 84' lang='lat' dir='ltr'><strong>originem</strong></span> <span class='ocrx_word' id='word_1_61' title='bbox 878 1087 1056 1162; x_wconf 74' lang='lat' dir='ltr'>habuisse?</span> <span class='ocrx_word' id='word_1_62' title='bbox 1073 1090 1158 1178; x_wconf 89' lang='lat' dir='ltr'>Quis</span> <span class='ocrx_word' id='word_1_63' title='bbox 1167 1087 1191 1112; x_wconf 85' lang='lat'>¹⁰</span> <span class='ocrx_word' id='word_1_64' title='bbox 1206 1111 1265 1157; x_wconf 83' lang='lat' dir='ltr'>ve·</span> 
     </span>
     <span class='ocr_line' id='line_1_9' title="bbox 193 1193 1265 1291; baseline 0 -28"><span class='ocrx_word' id='word_1_65' title='bbox 193 1194 314 1264; x_wconf 77' lang='lat' dir='ltr'>neficin</span> <span class='ocrx_word' id='word_1_66' title='bbox 326 1197 557 1273; x_wconf 78' lang='lat' dir='ltr'>innocentiora</span> <span class='ocrx_word' id='word_1_67' title='bbox 569 1197 682 1266; x_wconf 81' lang='lat' dir='ltr'>effecit</span> <span class='ocrx_word' id='word_1_68' title='bbox 695 1248 705 1282; x_wconf 92' lang='lat'>‚</span> <span class='ocrx_word' id='word_1_69' title='bbox 720 1219 820 1291; x_wconf 70' lang='lat' dir='ltr'>qurum</span> <span class='ocrx_word' id='word_1_70' title='bbox 837 1193 1007 1265; x_wconf 77' lang='lat' dir='ltr'>remedia?</span> <span class='ocrx_word' id='word_1_71' title='bbox 1019 1197 1118 1281; x_wconf 86' lang='lat' dir='ltr'>Esto,</span> <span class='ocrx_word' id='word_1_72' title='bbox 1131 1194 1265 1264; x_wconf 75' lang='lat' dir='ltr'>barbari</span> 
     </span>
     <span class='ocr_line' id='line_1_10' title="bbox 193 1300 1265 1395; baseline 0.006 -26"><span class='ocrx_word' id='word_1_73' title='bbox 193 1303 388 1395; x_wconf 79' lang='lat' dir='ltr'>externique</span> <span class='ocrx_word' id='word_1_74' title='bbox 412 1305 497 1372; x_wconf 83' lang='lat' dir='ltr'>rius</span> <span class='ocrx_word' id='word_1_75' title='bbox 521 1305 739 1378; x_wconf 77' lang='lat' dir='ltr'>invenerint:</span> <span class='ocrx_word' id='word_1_76' title='bbox 763 1303 906 1378; x_wconf 76' lang='lat' dir='ltr'>etiamne</span> <span class='ocrx_word' id='word_1_77' title='bbox 929 1301 1040 1372; x_wconf 73' lang='lat' dir='ltr'>Graeci</span> <span class='ocrx_word' id='word_1_78' title='bbox 1061 1322 1137 1370; x_wconf 86' lang='lat' dir='ltr'>suas</span> <span class='ocrx_word' id='word_1_79' title='bbox 1155 1300 1265 1375; x_wconf 75' lang='lat' dir='ltr'>fecere</span> 
     </span>
     <span class='ocr_line' id='line_1_11' title="bbox 136 1404 1265 1490; baseline -0.001 -16"><span class='ocrx_word' id='word_1_80' title='bbox 136 1408 140 1419; x_wconf 83' lang='lat'>&#39;</span> <span class='ocrx_word' id='word_1_81' title='bbox 193 1405 256 1476; x_wconf 82' lang='lat' dir='ltr'>has</span> <span class='ocrx_word' id='word_1_82' title='bbox 280 1405 393 1477; x_wconf 78' lang='lat' dir='ltr'>ortes?</span> <span class='ocrx_word' id='word_1_83' title='bbox 420 1410 560 1479; x_wconf 82' lang='lat' dir='ltr'>Exstant</span> <span class='ocrx_word' id='word_1_84' title='bbox 586 1409 883 1478; x_wconf 82' lang='lat' dir='ltr'>commentationes</span> <span class='ocrx_word' id='word_1_85' title='bbox 907 1407 1114 1490; x_wconf 83' lang='lat' dir='ltr'>Democriti,</span> <span class='ocrx_word' id='word_1_86' title='bbox 1138 1404 1265 1475; x_wconf 80' lang='lat' dir='ltr'>adalia</span> 
     </span>
     <span class='ocr_line' id='line_1_12' title="bbox 194 1507 1264 1611; baseline -0.001 -30"><span class='ocrx_word' id='word_1_87' title='bbox 194 1507 290 1591; x_wconf 83' lang='lat' dir='ltr'>noxii</span> <span class='ocrx_word' id='word_1_88' title='bbox 300 1513 447 1584; x_wconf 89' lang='lat' dir='ltr'>hominis</span> <span class='ocrx_word' id='word_1_89' title='bbox 462 1539 481 1583; x_wconf 89' lang='lat' dir='ltr'>e</span> <span class='ocrx_word' id='word_1_90' title='bbox 500 1516 608 1610; x_wconf 79' lang='lat' dir='ltr'>capite</span> <span class='ocrx_word' id='word_1_91' title='bbox 626 1538 702 1584; x_wconf 86' lang='lat' dir='ltr'>ossu</span> <span class='ocrx_word' id='word_1_92' title='bbox 715 1511 789 1611; x_wconf 90' lang='lat' dir='ltr'>plus</span> <span class='ocrx_word' id='word_1_93' title='bbox 805 1512 962 1609; x_wconf 80' lang='lat' dir='ltr'>prodesse</span> <span class='ocrx_word' id='word_1_94' title='bbox 982 1511 1049 1581; x_wconf 81' lang='lat' dir='ltr'>:ad</span> <span class='ocrx_word' id='word_1_95' title='bbox 1067 1510 1146 1602; x_wconf 82' lang='lat' dir='ltr'>alis,</span> <span class='ocrx_word' id='word_1_96' title='bbox 1167 1513 1264 1582; x_wconf 87' lang='lat' dir='ltr'>amici</span> 
     </span>
     <span class='ocr_line' id='line_1_13' title="bbox 161 1618 1265 1715; baseline -0.001 -28"><span class='ocrx_word' id='word_1_97' title='bbox 161 1632 176 1699; x_wconf 75' lang='lat' dir='ltr'>t</span> <span class='ocrx_word' id='word_1_98' title='bbox 195 1632 230 1695; x_wconf 84' lang='lat' dir='ltr'>et</span> <span class='ocrx_word' id='word_1_99' title='bbox 241 1618 393 1714; x_wconf 88' lang='lat' dir='ltr'>hospitis.</span> <span class='ocrx_word' id='word_1_100' title='bbox 414 1623 489 1693; x_wconf 85' lang='lat' dir='ltr'>Janr</span> <span class='ocrx_word' id='word_1_101' title='bbox 507 1645 588 1700; x_wconf 85' lang='lat' dir='ltr'>vero</span> <span class='ocrx_word' id='word_1_102' title='bbox 608 1622 642 1689; x_wconf 80' lang='lat' dir='ltr'>vi</span> <span class='ocrx_word' id='word_1_103' title='bbox 658 1622 848 1715; x_wconf 83' lang='lat' dir='ltr'>interempti</span> <span class='ocrx_word' id='word_1_104' title='bbox 868 1620 968 1691; x_wconf 85' lang='lat' dir='ltr'>dente</span> <span class='ocrx_word' id='word_1_105' title='bbox 982 1620 1132 1714; x_wconf 73' lang='lat' dir='ltr'>gingivas</span> <span class='ocrx_word' id='word_1_106' title='bbox 1151 1620 1186 1687; x_wconf 92' lang='lat' dir='ltr'>in</span> <span class='ocrx_word' id='word_1_107' title='bbox 1204 1618 1265 1687; x_wconf 91' lang='lat' dir='ltr'>do·</span> 
     </span>
     <span class='ocr_line' id='line_1_14' title="bbox 195 1723 1265 1823; baseline -0.001 -30"><span class='ocrx_word' id='word_1_108' title='bbox 195 1723 276 1794; x_wconf 84' lang='lat' dir='ltr'>iore</span> <span class='ocrx_word' id='word_1_109' title='bbox 287 1725 509 1813; x_wconf 81' lang='lat' dir='ltr'>scarificuri¹&#39;,</span> <span class='ocrx_word' id='word_1_110' title='bbox 531 1724 728 1823; x_wconf 86' lang='lat' dir='ltr'>Apollonius</span> <span class='ocrx_word' id='word_1_111' title='bbox 746 1726 1010 1796; x_wconf 84' lang='lat' dir='ltr'>efficacissimum</span> <span class='ocrx_word' id='word_1_112' title='bbox 1033 1725 1185 1820; x_wconf 89' lang='lat' dir='ltr'>scripsit:</span> <span class='ocrx_word' id='word_1_113' title='bbox 1199 1725 1265 1792; x_wconf 90' lang='lat' dir='ltr'>Mi·</span> 
     </span>
     <span class='ocr_line' id='line_1_15' title="bbox 195 1815 1268 1920; baseline -0.001 -20"><span class='ocrx_word' id='word_1_114' title='bbox 195 1828 282 1908; x_wconf 80' lang='lat' dir='ltr'>letus</span> <span class='ocrx_word' id='word_1_115' title='bbox 292 1828 331 1920; x_wconf 82' lang='lat'>⁸²,</span> <span class='ocrx_word' id='word_1_116' title='bbox 345 1830 521 1902; x_wconf 90' lang='lat' dir='ltr'>oculorum</span> <span class='ocrx_word' id='word_1_117' title='bbox 537 1833 737 1904; x_wconf 81' lang='lat' dir='ltr'>suffusiones</span> <span class='ocrx_word' id='word_1_118' title='bbox 751 1831 826 1902; x_wconf 85' lang='lat' dir='ltr'>felle</span> <span class='ocrx_word' id='word_1_119' title='bbox 842 1833 987 1902; x_wconf 88' lang='lat' dir='ltr'>hominis</span> <span class='ocrx_word' id='word_1_120' title='bbox 1003 1815 1156 1901; x_wconf 76' lang='lat' dir='ltr'>sanari¹’.</span> <span class='ocrx_word' id='word_1_121' title='bbox 1173 1834 1268 1900; x_wconf 81' lang='lat' dir='ltr'>Arte·</span> 
     </span>
     <span class='ocr_line' id='line_1_16' title="bbox 195 1925 1265 2034; baseline -0.008 -19"><span class='ocrx_word' id='word_1_122' title='bbox 195 1925 307 2015; x_wconf 68' lang='grc' dir='ltr'>ῑὶὶοῐι14</span> <span class='ocrx_word' id='word_1_123' title='bbox 318 1936 461 2011; x_wconf 77' lang='lat' dir='ltr'>calvaria</span> <span class='ocrx_word' id='word_1_124' title='bbox 472 1939 648 2029; x_wconf 87' lang='lat' dir='ltr'>interfecti,</span> <span class='ocrx_word' id='word_1_125' title='bbox 657 1964 766 2034; x_wconf 91' lang='lat' dir='ltr'>neque</span> <span class='ocrx_word' id='word_1_126' title='bbox 779 1941 929 2026; x_wconf 80' lang='lat' dir='ltr'>cromati,</span> <span class='ocrx_word' id='word_1_127' title='bbox 939 1939 1130 2033; x_wconf 83' lang='lat' dir='ltr'>propinavit</span> <span class='ocrx_word' id='word_1_128' title='bbox 1144 1959 1265 2031; x_wconf 81' lang='lat' dir='ltr'>aquarn</span> 
     </span>
    </p>
   </div>
   <div class='ocr_carea' id='block_1_3' title="bbox 193 2117 1268 4028">
    <p class='ocr_par' dir='ltr' id='par_1_3' title="bbox 193 2117 1268 4028">
     <span class='ocr_line' id='line_1_17' title="bbox 212 2117 1263 2192; baseline -0.005 -17"><span class='ocrx_word' id='word_1_129' title='bbox 212 2132 215 2139; x_wconf 89' lang='lat'>&#39;</span> <span class='ocrx_word' id='word_1_130' title='bbox 234 2120 610 2192; x_wconf 59' lang='lat' dir='ltr'>8.1Adspici...srefssissbetur.</span> <span class='ocrx_word' id='word_1_131' title='bbox 624 2120 707 2176; x_wconf 84' lang='lat' dir='ltr'>Unde</span> <span class='ocrx_word' id='word_1_132' title='bbox 750 2122 831 2175; x_wconf 78' lang='lat' dir='ltr'>Dente</span> <span class='ocrx_word' id='word_1_133' title='bbox 846 2125 963 2192; x_wconf 59' lang='lat' dir='ltr'>erneisus</span> <span class='ocrx_word' id='word_1_134' title='bbox 980 2122 1006 2173; x_wconf 83' lang='lat' dir='ltr'>is</span> <span class='ocrx_word' id='word_1_135' title='bbox 1022 2120 1104 2172; x_wconf 80' lang='lat' dir='ltr'>dolose</span> <span class='ocrx_word' id='word_1_136' title='bbox 1119 2117 1263 2188; x_wconf 78' lang='lat' dir='ltr'>scsn&#39;fieurr&#39;,</span> 
     </span>
     <span class='ocr_line' id='line_1_18' title="bbox 193 2197 1266 2272; baseline -0.006 -14"><span class='ocrx_word' id='word_1_137' title='bbox 193 2211 222 2258; x_wconf 72' lang='lat' dir='ltr'>et</span> <span class='ocrx_word' id='word_1_138' title='bbox 250 2197 323 2270; x_wconf 78' lang='lat' dir='ltr'>spnd</span> <span class='ocrx_word' id='word_1_139' title='bbox 354 2212 459 2255; x_wconf 76' lang='lat' dir='ltr'>veteres</span> <span class='ocrx_word' id='word_1_140' title='bbox 487 2202 642 2259; x_wconf 77' lang='lat' dir='ltr'>snatomics</span> <span class='ocrx_word' id='word_1_141' title='bbox 667 2203 708 2256; x_wconf 83' lang='lat' dir='ltr'>rei</span> <span class='ocrx_word' id='word_1_142' title='bbox 752 2213 803 2254; x_wconf 83' lang='lat' dir='ltr'>etc.</span> <span class='ocrx_word' id='word_1_143' title='bbox 821 2199 1028 2272; x_wconf 84' lang='lat' dir='ltr'>Hodieqnoque</span> <span class='ocrx_word' id='word_1_144' title='bbox 1041 2200 1136 2253; x_wconf 72' lang='lat' dir='ltr'>usitate</span> <span class='ocrx_word' id='word_1_145' title='bbox 1151 2216 1194 2251; x_wconf 84' lang='lat' dir='ltr'>res</span> <span class='ocrx_word' id='word_1_146' title='bbox 1210 2216 1266 2252; x_wconf 79' lang='lat' dir='ltr'>me·</span> 
     </span>
     <span class='ocr_line' id='line_1_19' title="bbox 193 2278 1267 2352; baseline -0.004 -18"><span class='ocrx_word' id='word_1_147' title='bbox 193 2279 344 2351; x_wconf 46' lang='lat' dir='ltr'>moronti·</span> <span class='ocrx_word' id='word_1_148' title='bbox 357 2279 490 2338; x_wconf 76' lang='lat' dir='ltr'>medicine</span> <span class='ocrx_word' id='word_1_149' title='bbox 503 2281 641 2336; x_wconf 76' lang='lat' dir='ltr'>lubomir.</span> <span class='ocrx_word' id='word_1_150' title='bbox 659 2282 708 2334; x_wconf 75' lang='lat' dir='ltr'>As.</span> <span class='ocrx_word' id='word_1_151' title='bbox 752 2278 819 2334; x_wconf 89' lang='lat' dir='ltr'>dicis</span> <span class='ocrx_word' id='word_1_152' title='bbox 845 2292 885 2335; x_wconf 85' lang='lat' dir='ltr'>est</span> <span class='ocrx_word' id='word_1_153' title='bbox 916 2280 1084 2352; x_wconf 74' lang='lat' dir='ltr'>gingivarum</span> <span class='ocrx_word' id='word_1_154' title='bbox 1111 2278 1267 2332; x_wconf 83' lang='lat' dir='ltr'>scsrificstio</span> 
     </span>
     <span class='ocr_line' id='line_1_20' title="bbox 235 2354 1267 2434; baseline -0.007 -17"><span class='ocrx_word' id='word_1_155' title='bbox 235 2375 263 2428; x_wconf 85' lang='lat'>9·</span> <span class='ocrx_word' id='word_1_156' title='bbox 278 2361 340 2430; x_wconf 78' lang='lat' dir='ltr'>Quis</span> <span class='ocrx_word' id='word_1_157' title='bbox 355 2362 403 2416; x_wconf 73' lang='lat' dir='ltr'>ista</span> <span class='ocrx_word' id='word_1_158' title='bbox 419 2363 508 2415; x_wconf 76' lang='lat' dir='ltr'>inuenit</span> <span class='ocrx_word' id='word_1_159' title='bbox 520 2354 637 2413; x_wconf 65' lang='lat' dir='ltr'>musta?</span> <span class='ocrx_word' id='word_1_160' title='bbox 657 2361 709 2414; x_wconf 87' lang='lat' dir='ltr'>Hic</span> <span class='ocrx_word' id='word_1_161' title='bbox 752 2359 872 2434; x_wconf 86' lang='lat' dir='ltr'>ejusdem</span> <span class='ocrx_word' id='word_1_162' title='bbox 883 2360 966 2432; x_wconf 72' lang='lat' dir='ltr'>grstia</span> <span class='ocrx_word' id='word_1_163' title='bbox 977 2359 1138 2424; x_wconf 88' lang='lat' dir='ltr'>curstionis;</span> <span class='ocrx_word' id='word_1_164' title='bbox 1148 2357 1194 2412; x_wconf 87' lang='lat' dir='ltr'>sed</span> <span class='ocrx_word' id='word_1_165' title='bbox 1205 2377 1267 2410; x_wconf 84' lang='lat' dir='ltr'>scu·</span> 
     </span>
     <span class='ocr_line' id='line_1_21' title="bbox 194 2438 1266 2509; baseline -0.006 -13"><span class='ocrx_word' id='word_1_166' title='bbox 194 2438 474 2505; x_wconf 77' lang='lat' dir='ltr'>Pintisnuszscribo,</span> <span class='ocrx_word' id='word_1_167' title='bbox 488 2465 500 2488; x_wconf 83' lang='grc' dir='ltr'>ι</span> <span class='ocrx_word' id='word_1_168' title='bbox 513 2440 579 2505; x_wconf 90' lang='lat' dir='ltr'>Quis</span> <span class='ocrx_word' id='word_1_169' title='bbox 601 2441 650 2504; x_wconf 75' lang='lat' dir='ltr'>ists</span> <span class='ocrx_word' id='word_1_170' title='bbox 669 2440 710 2496; x_wconf 89' lang='lat' dir='ltr'>in·</span> <span class='ocrx_word' id='word_1_171' title='bbox 751 2441 826 2494; x_wconf 84' lang='lat' dir='ltr'>mine</span> <span class='ocrx_word' id='word_1_172' title='bbox 841 2439 1012 2494; x_wconf 84' lang='lat' dir='ltr'>instrumenti</span> <span class='ocrx_word' id='word_1_173' title='bbox 1030 2438 1174 2509; x_wconf 72' lang='lat' dir='ltr'>chirurgici</span> <span class='ocrx_word' id='word_1_174' title='bbox 1196 2456 1266 2509; x_wconf 86' lang='lat' dir='ltr'>ope·</span> 
     </span>
     <span class='ocr_line' id='line_1_22' title="bbox 194 2495 1268 2591; baseline 0.001 -21"><span class='ocrx_word' id='word_1_175' title='bbox 194 2517 290 2571; x_wconf 78' lang='lat' dir='ltr'>venit?</span> <span class='ocrx_word' id='word_1_176' title='bbox 303 2495 421 2573; x_wconf 56' lang='lat' dir='ltr'>Omnes.</span> <span class='ocrx_word' id='word_1_177' title='bbox 433 2544 445 2569; x_wconf 82' lang='lat' dir='ltr'>s</span> <span class='ocrx_word' id='word_1_178' title='bbox 460 2521 501 2574; x_wconf 87' lang='lat' dir='ltr'>De</span> <span class='ocrx_word' id='word_1_179' title='bbox 510 2520 706 2591; x_wconf 74' lang='lat' dir='ltr'>OstaneMsgo,</span> <span class='ocrx_word' id='word_1_180' title='bbox 752 2520 821 2575; x_wconf 75' lang='lat' dir='ltr'>ratio</span> <span class='ocrx_word' id='word_1_181' title='bbox 831 2520 878 2585; x_wconf 84' lang='lat' dir='ltr'>fit,</span> <span class='ocrx_word' id='word_1_182' title='bbox 891 2537 941 2572; x_wconf 85' lang='lat' dir='ltr'>uec</span> <span class='ocrx_word' id='word_1_183' title='bbox 953 2517 1061 2572; x_wconf 88' lang='lat' dir='ltr'>dentem</span> <span class='ocrx_word' id='word_1_184' title='bbox 1073 2518 1208 2589; x_wconf 70' lang='lat' dir='ltr'>applicant</span> <span class='ocrx_word' id='word_1_185' title='bbox 1219 2517 1268 2571; x_wconf 88' lang='lat' dir='ltr'>ho·</span> 
     </span>
     <span class='ocr_line' id='line_1_23' title="bbox 195 2596 1264 2672; baseline -0.005 -19"><span class='ocrx_word' id='word_1_186' title='bbox 195 2608 224 2653; x_wconf 80' lang='lat' dir='ltr'>st</span> <span class='ocrx_word' id='word_1_187' title='bbox 237 2597 306 2650; x_wconf 83' lang='lat' dir='ltr'>Plin.</span> <span class='ocrx_word' id='word_1_188' title='bbox 317 2598 382 2660; x_wconf 75' lang='lat' dir='ltr'>tlibi</span> <span class='ocrx_word' id='word_1_189' title='bbox 397 2617 481 2672; x_wconf 76' lang='lat' dir='ltr'>sepe,</span> <span class='ocrx_word' id='word_1_190' title='bbox 502 2612 531 2652; x_wconf 85' lang='lat' dir='ltr'>et</span> <span class='ocrx_word' id='word_1_191' title='bbox 550 2598 663 2665; x_wconf 83' lang='lat' dir='ltr'>Snidss,</span> <span class='ocrx_word' id='word_1_192' title='bbox 683 2612 709 2654; x_wconf 83' lang='lat' dir='ltr'>st</span> <span class='ocrx_word' id='word_1_193' title='bbox 752 2600 884 2671; x_wconf 82' lang='lat' dir='ltr'>minisqui</span> <span class='ocrx_word' id='word_1_194' title='bbox 894 2599 1009 2653; x_wconf 72' lang='lat' dir='ltr'>violenta</span> <span class='ocrx_word' id='word_1_195' title='bbox 1017 2611 1102 2652; x_wconf 87' lang='lat' dir='ltr'>morte</span> <span class='ocrx_word' id='word_1_196' title='bbox 1111 2596 1182 2650; x_wconf 86' lang='lat' dir='ltr'>diem</span> <span class='ocrx_word' id='word_1_197' title='bbox 1194 2597 1264 2649; x_wconf 81' lang='lat' dir='ltr'>clun·</span> 
     </span>
     <span class='ocr_line' id='line_1_24' title="bbox 195 2676 887 2750; baseline 0.001 -20"><span class='ocrx_word' id='word_1_198' title='bbox 195 2676 366 2732; x_wconf 80' lang='lat' dir='ltr'>Dioscorides</span> <span class='ocrx_word' id='word_1_199' title='bbox 377 2681 475 2750; x_wconf 74' lang='lat' dir='ltr'>purim</span> <span class='ocrx_word' id='word_1_200' title='bbox 488 2693 514 2734; x_wconf 83' lang='lat' dir='ltr'>et</span> <span class='ocrx_word' id='word_1_201' title='bbox 524 2698 625 2734; x_wconf 83' lang='lat' dir='ltr'>omnes.</span> <span class='ocrx_word' id='word_1_202' title='bbox 637 2681 710 2734; x_wconf 90' lang='lat' dir='ltr'>Con·</span> <span class='ocrx_word' id='word_1_203' title='bbox 752 2679 825 2734; x_wconf 81' lang='lat' dir='ltr'>serit.</span> <span class='ocrx_word' id='word_1_204' title='bbox 839 2681 887 2732; x_wconf 81' lang='lat' dir='ltr'>As.</span> 
     </span>
     <span class='ocr_line' id='line_1_25' title="bbox 195 2755 1266 2828; baseline -0.002 -18"><span class='ocrx_word' id='word_1_205' title='bbox 195 2757 320 2810; x_wconf 70' lang='lat' dir='ltr'>ffisnstur</span> <span class='ocrx_word' id='word_1_206' title='bbox 337 2758 395 2822; x_wconf 72' lang='lat' dir='ltr'>hoo</span> <span class='ocrx_word' id='word_1_207' title='bbox 414 2760 494 2821; x_wconf 79' lang='lat' dir='ltr'>lectio</span> <span class='ocrx_word' id='word_1_208' title='bbox 516 2760 604 2816; x_wconf 80' lang='lat' dir='ltr'>verbis</span> <span class='ocrx_word' id='word_1_209' title='bbox 621 2761 709 2814; x_wconf 76' lang='lat' dir='ltr'>stetim</span> <span class='ocrx_word' id='word_1_210' title='bbox 797 2777 841 2813; x_wconf 81' lang='lat' dir='ltr'>rs.</span> <span class='ocrx_word' id='word_1_211' title='bbox 851 2759 959 2811; x_wconf 77' lang='lat' dir='ltr'>Miletus.</span> <span class='ocrx_word' id='word_1_212' title='bbox 969 2759 1035 2828; x_wconf 77' lang='lat' dir='ltr'>lieg.</span> <span class='ocrx_word' id='word_1_213' title='bbox 1048 2756 1202 2823; x_wconf 79' lang='lat' dir='ltr'>s,MeIetes.</span> <span class='ocrx_word' id='word_1_214' title='bbox 1214 2755 1266 2810; x_wconf 83' lang='lat' dir='ltr'>ch.</span> 
     </span>
     <span class='ocr_line' id='line_1_26' title="bbox 196 2834 1267 2908; baseline -0.002 -17"><span class='ocrx_word' id='word_1_215' title='bbox 196 2837 368 2908; x_wconf 80' lang='lat' dir='ltr'>sequentibus</span> <span class='ocrx_word' id='word_1_216' title='bbox 388 2856 396 2890; x_wconf 79' lang='lat' dir='ltr'>t</span> <span class='ocrx_word' id='word_1_217' title='bbox 420 2841 546 2895; x_wconf 78' lang='lat' dir='ltr'>«Tecum</span> <span class='ocrx_word' id='word_1_218' title='bbox 570 2839 643 2893; x_wconf 83' lang='lat' dir='ltr'>eninr</span> <span class='ocrx_word' id='word_1_219' title='bbox 667 2858 709 2893; x_wconf 87' lang='lat' dir='ltr'>res</span> <span class='ocrx_word' id='word_1_220' title='bbox 752 2838 863 2891; x_wconf 80' lang='lat' dir='ltr'>Meletos.</span> <span class='ocrx_word' id='word_1_221' title='bbox 875 2839 955 2891; x_wconf 80' lang='lat' dir='ltr'>Forte</span> <span class='ocrx_word' id='word_1_222' title='bbox 972 2836 1089 2897; x_wconf 73' lang='lat' dir='ltr'>Molitus,</span> <span class='ocrx_word' id='word_1_223' title='bbox 1105 2847 1137 2888; x_wconf 90' lang='lat' dir='ltr'>ut</span> <span class='ocrx_word' id='word_1_224' title='bbox 1152 2834 1267 2889; x_wconf 81' lang='lat' dir='ltr'>diximus</span> 
     </span>
     <span class='ocr_line' id='line_1_27' title="bbox 197 2914 1266 2986; baseline -0.009 -9"><span class='ocrx_word' id='word_1_225' title='bbox 197 2917 265 2982; x_wconf 75' lang='lat' dir='ltr'>erit,</span> <span class='ocrx_word' id='word_1_226' title='bbox 292 2930 346 2972; x_wconf 78' lang='lat' dir='ltr'>erc·</span> <span class='ocrx_word' id='word_1_227' title='bbox 365 2941 378 2966; x_wconf 80' lang='grc' dir='ltr'><strong>ι</strong></span> <span class='ocrx_word' id='word_1_228' title='bbox 406 2921 537 2975; x_wconf 74' lang='lat' dir='ltr'>Purrssr.</span> <span class='ocrx_word' id='word_1_229' title='bbox 561 2951 602 2962; x_wconf 92' lang='lat'>-</span> <span class='ocrx_word' id='word_1_230' title='bbox 626 2919 710 2981; x_wconf 76' lang='lat' dir='ltr'>Falso.</span> <span class='ocrx_word' id='word_1_231' title='bbox 752 2918 781 2972; x_wconf 88' lang='lat' dir='ltr'>in</span> <span class='ocrx_word' id='word_1_232' title='bbox 805 2921 956 2971; x_wconf 73' lang='lat' dir='ltr'>ductorum</span> <span class='ocrx_word' id='word_1_233' title='bbox 976 2914 1081 2970; x_wconf 87' lang='lat' dir='ltr'>Indice.</span> <span class='ocrx_word' id='word_1_234' title='bbox 1100 2918 1135 2969; x_wconf 78' lang='lat' dir='ltr'>At</span> <span class='ocrx_word' id='word_1_235' title='bbox 1153 2916 1219 2986; x_wconf 77' lang='lat' dir='ltr'>Reg.</span> <span class='ocrx_word' id='word_1_236' title='bbox 1234 2932 1266 2977; x_wconf 87' lang='lat' dir='ltr'>r,</span> 
     </span>
     <span class='ocr_line' id='line_1_28' title="bbox 198 2996 967 3080; baseline 0 -31"><span class='ocrx_word' id='word_1_237' title='bbox 198 2996 267 3050; x_wconf 72' lang='lat' dir='ltr'>Num</span> <span class='ocrx_word' id='word_1_238' title='bbox 279 2996 309 3051; x_wconf 91' lang='lat' dir='ltr'>id</span> <span class='ocrx_word' id='word_1_239' title='bbox 320 3014 403 3071; x_wconf 83' lang='lat' dir='ltr'>qnsre</span> <span class='ocrx_word' id='word_1_240' title='bbox 413 2997 507 3053; x_wconf 80' lang='lat' dir='ltr'>Ostsni</span> <span class='ocrx_word' id='word_1_241' title='bbox 526 2999 616 3072; x_wconf 88' lang='lat' dir='ltr'>potius</span> <span class='ocrx_word' id='word_1_242' title='bbox 631 3016 712 3073; x_wconf 78' lang='lat' dir='ltr'>quam</span> <span class='ocrx_word' id='word_1_243' title='bbox 752 2998 860 3055; x_wconf 80' lang='lat' dir='ltr'>dfi&#39;letos.</span> <span class='ocrx_word' id='word_1_244' title='bbox 874 2999 967 3080; x_wconf 48' lang='lat' dir='ltr'>fisso.</span> 
     </span>
     <span class='ocr_line' id='line_1_29' title="bbox 198 3074 1268 3146; baseline -0.005 -15"><span class='ocrx_word' id='word_1_245' title='bbox 198 3077 306 3146; x_wconf 69' lang='lat' dir='ltr'>magico</span> <span class='ocrx_word' id='word_1_246' title='bbox 323 3079 363 3131; x_wconf 85' lang='lat' dir='ltr'>rei</span> <span class='ocrx_word' id='word_1_247' title='bbox 387 3079 522 3133; x_wconf 83' lang='lat' dir='ltr'>inventori</span> <span class='ocrx_word' id='word_1_248' title='bbox 542 3079 712 3136; x_wconf 82' lang='lat' dir='ltr'>Zeretochtro</span> <span class='ocrx_word' id='word_1_249' title='bbox 795 3079 841 3133; x_wconf 83' lang='lat'>13.</span> <span class='ocrx_word' id='word_1_250' title='bbox 854 3078 985 3131; x_wconf 80' lang='lat' dir='ltr'>Oculorum</span> <span class='ocrx_word' id='word_1_251' title='bbox 998 3078 1142 3145; x_wconf 76' lang='lat' dir='ltr'>suffusiones</span> <span class='ocrx_word' id='word_1_252' title='bbox 1151 3074 1214 3140; x_wconf 79' lang='lat' dir='ltr'>selle</span> <span class='ocrx_word' id='word_1_253' title='bbox 1226 3075 1268 3126; x_wconf 79' lang='lat' dir='ltr'>iso·</span> 
     </span>
     <span class='ocr_line' id='line_1_30' title="bbox 199 3143 1267 3228; baseline -0.004 -17"><span class='ocrx_word' id='word_1_254' title='bbox 199 3143 285 3228; x_wconf 75' lang='lat' dir='ltr'>(vulg.</span> <span class='ocrx_word' id='word_1_255' title='bbox 306 3151 475 3228; x_wconf 70' lang='lat' dir='ltr'>Zoroastri),</span> <span class='ocrx_word' id='word_1_256' title='bbox 494 3157 586 3213; x_wconf 85' lang='lat' dir='ltr'>dutum</span> <span class='ocrx_word' id='word_1_257' title='bbox 614 3176 629 3211; x_wconf 82' lang='lat' dir='ltr'>s</span> <span class='ocrx_word' id='word_1_258' title='bbox 650 3158 710 3211; x_wconf 86' lang='lat' dir='ltr'>Pin·</span> <span class='ocrx_word' id='word_1_259' title='bbox 754 3160 842 3213; x_wconf 78' lang='lat' dir='ltr'>minum</span> <span class='ocrx_word' id='word_1_260' title='bbox 854 3159 945 3210; x_wconf 79' lang='lat' dir='ltr'>sonari.</span> <span class='ocrx_word' id='word_1_261' title='bbox 959 3157 1053 3210; x_wconf 80' lang='lat' dir='ltr'>Tobisr</span> <span class='ocrx_word' id='word_1_262' title='bbox 1062 3153 1267 3217; x_wconf 80' lang='lat' dir='ltr'>isistorism,vel</span> 
     </span>
     <span class='ocr_line' id='line_1_31' title="bbox 199 3233 1268 3309; baseline -0.002 -22"><span class='ocrx_word' id='word_1_263' title='bbox 199 3234 297 3288; x_wconf 78' lang='lat' dir='ltr'>rinno?</span> <span class='ocrx_word' id='word_1_264' title='bbox 316 3237 388 3291; x_wconf 85' lang='lat' dir='ltr'>Turn</span> <span class='ocrx_word' id='word_1_265' title='bbox 413 3251 547 3292; x_wconf 80' lang='lat' dir='ltr'>momento</span> <span class='ocrx_word' id='word_1_266' title='bbox 571 3256 710 3309; x_wconf 74' lang='lat' dir='ltr'>magorum</span> <span class='ocrx_word' id='word_1_267' title='bbox 753 3237 1079 3309; x_wconf 81' lang='lat' dir='ltr'>pnsri,novirnus‚quem</span> <span class='ocrx_word' id='word_1_268' title='bbox 1088 3233 1268 3304; x_wconf 75' lang='lat' dir='ltr'>engelusfelie</span> 
     </span>
     <span class='ocr_line' id='line_1_32' title="bbox 198 3312 1266 3389; baseline -0.005 -21"><span class='ocrx_word' id='word_1_269' title='bbox 198 3333 232 3369; x_wconf 81' lang='lat' dir='ltr'>so</span> <span class='ocrx_word' id='word_1_270' title='bbox 248 3325 369 3389; x_wconf 88' lang='lat' dir='ltr'>ternpore</span> <span class='ocrx_word' id='word_1_271' title='bbox 381 3330 466 3371; x_wconf 86' lang='lat' dir='ltr'>srtem</span> <span class='ocrx_word' id='word_1_272' title='bbox 483 3336 539 3371; x_wconf 90' lang='lat' dir='ltr'>non</span> <span class='ocrx_word' id='word_1_273' title='bbox 557 3335 614 3371; x_wconf 83' lang='lat' dir='ltr'>curn</span> <span class='ocrx_word' id='word_1_274' title='bbox 630 3315 710 3370; x_wconf 80' lang='lat' dir='ltr'>fuisso</span> <span class='ocrx_word' id='word_1_275' title='bbox 754 3318 856 3371; x_wconf 84' lang='lat' dir='ltr'>ssnsrit</span> <span class='ocrx_word' id='word_1_276' title='bbox 867 3317 948 3389; x_wconf 89' lang='lat' dir='ltr'>piscis</span> <span class='ocrx_word' id='word_1_277' title='bbox 963 3312 1118 3383; x_wconf 76' lang='lat' dir='ltr'>cujusdam,</span> <span class='ocrx_word' id='word_1_278' title='bbox 1133 3328 1230 3384; x_wconf 88' lang='lat' dir='ltr'>quem,</span> <span class='ocrx_word' id='word_1_279' title='bbox 1244 3314 1266 3366; x_wconf 88' lang='lat' dir='ltr'>si</span> 
     </span>
     <span class='ocr_line' id='line_1_33' title="bbox 198 3392 1268 3469; baseline -0.007 -17"><span class='ocrx_word' id='word_1_280' title='bbox 198 3409 278 3465; x_wconf 72' lang='lat' dir='ltr'>quam</span> <span class='ocrx_word' id='word_1_281' title='bbox 294 3409 384 3469; x_wconf 78' lang='lat' dir='ltr'>poster</span> <span class='ocrx_word' id='word_1_282' title='bbox 405 3415 473 3469; x_wconf 74' lang='lat' dir='ltr'>sege</span> <span class='ocrx_word' id='word_1_283' title='bbox 491 3409 518 3452; x_wconf 84' lang='lat' dir='ltr'>et</span> <span class='ocrx_word' id='word_1_284' title='bbox 541 3396 711 3454; x_wconf 76' lang='lat' dir='ltr'>circulatores</span> <span class='ocrx_word' id='word_1_285' title='bbox 754 3398 962 3468; x_wconf 78' lang='lat' dir='ltr'>perrelisuosse,</span> <span class='ocrx_word' id='word_1_286' title='bbox 971 3392 1068 3446; x_wconf 78' lang='lat' dir='ltr'>suadeo</span> <span class='ocrx_word' id='word_1_287' title='bbox 1079 3393 1268 3464; x_wconf 82' lang='lat' dir='ltr'>ichthyotheo·</span> 
     </span>
     <span class='ocr_line' id='line_1_34' title="bbox 197 3473 1267 3548; baseline -0.004 -20"><span class='ocrx_word' id='word_1_288' title='bbox 197 3474 507 3540; x_wconf 72' lang='lat' dir='ltr'>coluere,mendsciiet</span> <span class='ocrx_word' id='word_1_289' title='bbox 520 3474 642 3530; x_wconf 76' lang='lat' dir='ltr'>runitstis</span> <span class='ocrx_word' id='word_1_290' title='bbox 654 3477 711 3548; x_wconf 86' lang='lat' dir='ltr'>ple·</span> <span class='ocrx_word' id='word_1_291' title='bbox 754 3476 862 3548; x_wconf 68' lang='lat' dir='ltr'>iogistss</span> <span class='ocrx_word' id='word_1_292' title='bbox 882 3473 975 3535; x_wconf 71' lang='lat' dir='ltr'>ndens,</span> <span class='ocrx_word' id='word_1_293' title='bbox 1001 3474 1116 3544; x_wconf 87' lang='lat' dir='ltr'>speciem</span> <span class='ocrx_word' id='word_1_294' title='bbox 1139 3485 1166 3525; x_wconf 85' lang='lat' dir='ltr'>et</span> <span class='ocrx_word' id='word_1_295' title='bbox 1184 3490 1267 3543; x_wconf 79' lang='lat' dir='ltr'>genus</span> 
     </span>
     <span class='ocr_line' id='line_1_35' title="bbox 198 3551 1266 3628; baseline -0.003 -21"><span class='ocrx_word' id='word_1_296' title='bbox 198 3570 261 3608; x_wconf 79' lang='lat' dir='ltr'>nens</span> <span class='ocrx_word' id='word_1_297' title='bbox 273 3557 405 3628; x_wconf 79' lang='lat' dir='ltr'>cophium.</span> <span class='ocrx_word' id='word_1_298' title='bbox 420 3558 466 3610; x_wconf 78' lang='lat' dir='ltr'>As.</span> <span class='ocrx_word' id='word_1_299' title='bbox 756 3568 842 3609; x_wconf 85' lang='lat' dir='ltr'>tsnren</span> <span class='ocrx_word' id='word_1_300' title='bbox 851 3554 970 3607; x_wconf 77' lang='lat' dir='ltr'>sutuiue</span> <span class='ocrx_word' id='word_1_301' title='bbox 976 3551 1266 3625; x_wconf 77' lang='lat' dir='ltr'>haudquaqusmrisos.</span> 
     </span>
     <span class='ocr_line' id='line_1_36' title="bbox 241 3630 1267 3710; baseline -0.005 -23"><span class='ocrx_word' id='word_1_302' title='bbox 241 3651 284 3690; x_wconf 86' lang='lat' dir='ltr'>ro.</span> <span class='ocrx_word' id='word_1_303' title='bbox 304 3636 373 3708; x_wconf 80' lang='lat' dir='ltr'>Quis.</span> <span class='ocrx_word' id='word_1_304' title='bbox 390 3636 458 3702; x_wconf 89' lang='lat' dir='ltr'>Quis</span> <span class='ocrx_word' id='word_1_305' title='bbox 471 3635 575 3701; x_wconf 80' lang='lat' dir='ltr'>effecit,</span> <span class='ocrx_word' id='word_1_306' title='bbox 590 3647 620 3690; x_wconf 89' lang='lat' dir='ltr'>ut</span> <span class='ocrx_word' id='word_1_307' title='bbox 635 3635 713 3688; x_wconf 90' lang='lat' dir='ltr'>inno·</span> <span class='ocrx_word' id='word_1_308' title='bbox 756 3633 888 3710; x_wconf 79' lang='lat' dir='ltr'>Equidem</span> <span class='ocrx_word' id='word_1_309' title='bbox 900 3630 1143 3705; x_wconf 82' lang='lat' dir='ltr'>dubito,quidquid</span> <span class='ocrx_word' id='word_1_310' title='bbox 1152 3632 1267 3684; x_wconf 86' lang='lat' dir='ltr'>unctori-</span> 
     </span>
     <span class='ocr_line' id='line_1_37' title="bbox 198 3710 1268 3787; baseline -0.006 -19"><span class='ocrx_word' id='word_1_311' title='bbox 198 3717 317 3771; x_wconf 74' lang='lat' dir='ltr'>cestim</span> <span class='ocrx_word' id='word_1_312' title='bbox 331 3718 385 3786; x_wconf 76' lang='lat' dir='ltr'>jem</span> <span class='ocrx_word' id='word_1_313' title='bbox 404 3716 532 3770; x_wconf 80' lang='lat' dir='ltr'>veneficis</span> <span class='ocrx_word' id='word_1_314' title='bbox 549 3715 636 3769; x_wconf 80' lang='lat' dir='ltr'>rideri</span> <span class='ocrx_word' id='word_1_315' title='bbox 650 3733 712 3787; x_wconf 87' lang='lat' dir='ltr'>pos·</span> <span class='ocrx_word' id='word_1_316' title='bbox 755 3716 817 3769; x_wconf 81' lang='lat' dir='ltr'>tutis</span> <span class='ocrx_word' id='word_1_317' title='bbox 826 3715 967 3785; x_wconf 75' lang='lat' dir='ltr'>preferant</span> <span class='ocrx_word' id='word_1_318' title='bbox 977 3711 1074 3766; x_wconf 83' lang='lat' dir='ltr'>trsdiur</span> <span class='ocrx_word' id='word_1_319' title='bbox 1084 3731 1099 3765; x_wconf 82' lang='lat' dir='ltr'>a</span> <span class='ocrx_word' id='word_1_320' title='bbox 1111 3710 1268 3782; x_wconf 79' lang='lat' dir='ltr'>majoribus,</span> 
     </span>
     <span class='ocr_line' id='line_1_38' title="bbox 198 3791 1268 3868; baseline -0.008 -18"><span class='ocrx_word' id='word_1_321' title='bbox 198 3794 360 3868; x_wconf 84' lang='lat' dir='ltr'>siut,qusm</span> <span class='ocrx_word' id='word_1_322' title='bbox 373 3794 492 3849; x_wconf 75' lang='lat' dir='ltr'>remedia</span> <span class='ocrx_word' id='word_1_323' title='bbox 507 3794 586 3849; x_wconf 80' lang='lat' dir='ltr'>tuiis?</span> <span class='ocrx_word' id='word_1_324' title='bbox 600 3796 691 3850; x_wconf 73' lang='lat' dir='ltr'>Hirro.</span> <span class='ocrx_word' id='word_1_325' title='bbox 755 3795 859 3867; x_wconf 83' lang='lat' dir='ltr'>plsoere</span> <span class='ocrx_word' id='word_1_326' title='bbox 883 3793 966 3847; x_wconf 82' lang='lat' dir='ltr'>hodie</span> <span class='ocrx_word' id='word_1_327' title='bbox 992 3791 1193 3863; x_wconf 74' lang='lat' dir='ltr'>physiologistis</span> <span class='ocrx_word' id='word_1_328' title='bbox 1216 3791 1268 3842; x_wconf 78' lang='lat' dir='ltr'>talo</span> 
     </span>
     <span class='ocr_line' id='line_1_39' title="bbox 242 3872 1267 3947; baseline -0.008 -18"><span class='ocrx_word' id='word_1_329' title='bbox 242 3893 286 3929; x_wconf 86' lang='lat' dir='ltr'>ss.</span> <span class='ocrx_word' id='word_1_330' title='bbox 294 3873 442 3946; x_wconf 76' lang='lat' dir='ltr'>Seurifiesri.</span> <span class='ocrx_word' id='word_1_331' title='bbox 449 3873 526 3929; x_wconf 80' lang='lat' dir='ltr'><strong>MSS.</strong></span> <span class='ocrx_word' id='word_1_332' title='bbox 536 3894 638 3941; x_wconf 87' lang='lat' dir='ltr'>omnes,</span> <span class='ocrx_word' id='word_1_333' title='bbox 646 3876 710 3946; x_wconf 56' lang='grc' dir='ltr'>Πομ.</span> <span class='ocrx_word' id='word_1_334' title='bbox 755 3873 890 3947; x_wconf 83' lang='lat' dir='ltr'>quoddam</span> <span class='ocrx_word' id='word_1_335' title='bbox 901 3874 1106 3944; x_wconf 77' lang='lat' dir='ltr'>pharmsoorum</span> <span class='ocrx_word' id='word_1_336' title='bbox 1117 3890 1207 3943; x_wconf 73' lang='lat' dir='ltr'>genus.</span> <span class='ocrx_word' id='word_1_337' title='bbox 1220 3872 1267 3921; x_wconf 75' lang='lat' dir='ltr'>Ar.</span> 
     </span>
     <span class='ocr_line' id='line_1_40' title="bbox 199 3950 1266 4028; baseline -0.008 -20"><span class='ocrx_word' id='word_1_338' title='bbox 199 3955 277 4008; x_wconf 81' lang='lat' dir='ltr'>Coib.</span> <span class='ocrx_word' id='word_1_339' title='bbox 298 3956 397 4028; x_wconf 84' lang='lat' dir='ltr'>siiique</span> <span class='ocrx_word' id='word_1_340' title='bbox 416 3958 538 4024; x_wconf 48' lang='lat' dir='ltr'>scutiferi.</span> <span class='ocrx_word' id='word_1_341' title='bbox 557 3957 649 4010; x_wconf 78' lang='lat' dir='ltr'>Hunn.</span> <span class='ocrx_word' id='word_1_342' title='bbox 672 3988 711 3999; x_wconf 90' lang='lat'>-</span> <span class='ocrx_word' id='word_1_343' title='bbox 801 3961 844 4018; x_wconf 69' lang='grc'>14.</span> <span class='ocrx_word' id='word_1_344' title='bbox 872 3954 999 4007; x_wconf 81' lang='lat' dir='ltr'>Artemon.</span> <span class='ocrx_word' id='word_1_345' title='bbox 1021 3953 1057 4005; x_wconf 86' lang='lat' dir='ltr'>Et</span> <span class='ocrx_word' id='word_1_346' title='bbox 1082 3951 1166 4004; x_wconf 88' lang='lat' dir='ltr'>Scrib.</span> <span class='ocrx_word' id='word_1_347' title='bbox 1189 3950 1266 4018; x_wconf 71' lang='lat' dir='ltr'>Larg.</span> 
     </span>
    </p>
   </div>
   <div class='ocr_carea' id='block_1_4' title="bbox 0 0 1358 4800">
    <p class='ocr_par' dir='ltr' id='par_1_4' title="bbox 0 0 1358 4800">
     <span class='ocr_line' id='line_1_41' title="bbox 0 0 1358 4800; baseline 0 0"><span class='ocrx_word' id='word_1_348' title='bbox 0 0 1358 4800; x_wconf 95' lang='lat' dir='ltr'> </span> 
     </span>
    </p>
   </div>
  </div>
 </body>
</html>
