2700 4800
427 332 584 402 ursan
616 335 815 403 xxvur.
1138 358 1158 428 7

93 488 114 534 e
131 463 221 533 fonte
244 476 349 532 noctu
365 462 585 533 comitialibus
606 465 741 535 morbis.
769 467 821 533 Ex
844 463 960 532 eadem
981 465 1160 559 suspendio

93 569 282 665 interempti
307 570 475 664 catapotia
498 568 595 655 fecit,
617 585 736 640 contra
757 571 848 640 canis
879 570 1000 639 rabiosi
1026 595 1158 642 morsus

91 677 237 745 Antaeus.
261 676 372 769 Atque
401 676 501 745 etiam
530 675 761 771 quadrupedes
789 675 941 746 homines
972 698 1158 747 sanavere:

91 795 209 850 contra
237 779 423 851 inflationes
446 781 571 866 bourn,
605 782 781 877 perforatis
800 781 957 852 cornibus
979 783 1160 853 inserentes

91 911 169 957 ossa
187 887 360 957 bumana·
381 887 440 955 ubi
469 888 572 957 borno
603 890 733 959 occisus
764 902 865 976 esset,
890 901 948 958 aut
975 901 1159 973 crematus,

90 991 254 1088 siliginem
269 1017 344 1087 quae
362 1007 612 1088 pernoctasset,
630 1019 727 1065 suum
750 994 875 1065 morbis
894 992 1016 1063 dando.
1037 995 1159 1064 Procul

91 1122 114 1166 a
134 1097 233 1168 nobis
255 1100 442 1193 nostrisque
457 1097 574 1171 litteris
591 1100 721 1170 absint
712 1114 784 1172 ista
805 1084 909 1170 Nos¹
927 1098 1047 1169 auxilia
1070 1100 1161 1172 dice·
1177 1113 1193 1167 ⁵

89 1229 183 1292 mus,
202 1229 271 1274 non
298 1203 456 1300 piacula:
479 1206 584 1275 sicubi
602 1205 695 1276 lactis
720 1229 959 1334 puerperarum
986 1230 1064 1275 usus
1086 1231 1160 1276 me-

89 1414 220 1486 similia.
248 1364 360 1486 Viiam
379 1416 514 1512 quidem
535 1443 604 1488 non
624 1418 708 1488 adeo
729 1417 946 1514 expetendam
969 1442 1161 1504 censemus,

89 1536 129 1592 ut
155 1546 290 1668 quoquo
317 1523 420 1593 modo
441 1523 605 1594 trahenda
623 1527 673 1594 sit.
699 1524 858 1644 Quisquis
888 1548 923 1593 es
950 1523 1042 1609 talis,
1067 1548 1161 1618 aeque

89 1627 252 1699 moriere¹
255 1626 399 1717 'etiaum
415 1654 519 1724 quum
535 1630 745 1701 obscenus
712 1631 850 1718 vixeris,
872 1628 949 1699 aut¹
952 1615 1159 1703 ⁸.nefandus

89 1822 180 1876 comp.
191 1824 251 1877 cap.
264 1826 297 1873 a,
310 1804 344 1860 ad
355 1807 516 1862 comitialem
532 1827 604 1862 mor·
645 1809 766 1878 jeststem
776 1818 922 1879 usurpante
930 1804 1102 1861 democratia.
1112 1810 1159 1860 Aa.

89 1885 270 1957 bum,comp.
286 1891 336 1941 16:
352 1913 363 1935 ι
373 1887 441 1940 Sunt
452 1897 478 1940 et
490 1887 604 1959 quisen-
691 1905 737 1958 ¹7·
761 1887 846 1958 AEque
863 1889 961 1939 moriere
979 1890 1068 1951 eriam,
1088 1905 1161 1959 quana

88 1965 199 2034 guinem
209 1984 242 2018 ex
250 1984 317 2018 vens
326 1984 373 2019 sna
381 1967 491 2019 missum
502 1966 605 2035 bibent,
647 1967 777 2019 obscoenru.
789 1966 929 2027 Pintianus
939 1965 1022 2019 ecod.
1037 1984 1087 2019 suo
1099 1984 1161 2036 pro·

89 2055 137 2096 ant
152 2041 186 2098 de
204 2044 318 2098 calvaria
333 2045 453 2099 defuncti
469 2060 542 2098 terna
558 2065 605 2099 co·
646 2046 692 2100 bat
713 2066 785 2119 quom
807 2045 951 2105 obscenus:
971 2058 1001 2099 nt
1021 2057 1048 2098 et
1068 2058 1107 2097 est
1130 2045 1158 2097 in

88 2122 206 2177 eblearia
216 2137 323 2177 sumant
332 2143 381 2197 per
392 2123 449 2179 dies
462 2125 579 2196 triginta.
589 2152 600 2174 ι
647 2126 790 2179 vossiano:
801 2137 926 2178 tamense
933 2124 1062 2195 particula
1069 2124 1160 2178 locum

88 2203 126 2268 Q.
140 2201 270 2265 Semnus,
285 2223 343 2276 cap.
360 2205 414 2265 58,
427 2203 463 2256 de
476 2203 603 2258 comitiali
646 2205 692 2258 bic
704 2206 802 2258 babere
815 2223 871 2261 non
883 2202 999 2258 videtur.
1013 2202 1073 2256 Hoc
1085 2202 1158 2259 enim

89 2283 272 2354 morbo‚psg.
290 2288 363 2338 161:
380 2311 391 2332 ι
402 2285 531 2338 Preterea
546 2284 605 2355 plu·
646 2281 732 2345 dicit,
752 2302 807 2336 non
824 2282 907 2354 magis
924 2283 981 2336 fore
994 2293 1025 2335 ut
1043 2295 1159 2335 mortem

90 2362 147 2415 rius
170 2362 288 2416 bominis
314 2382 379 2435 quas
404 2364 478 2417 calva
507 2363 603 2434 supina
646 2363 771 2435 effugiat,
793 2362 839 2433 qui
859 2362 982 2434 proferre
1004 2360 1085 2415 vitam
1106 2360 1158 2415 sibi

89 2442 201 2512 Excepit
213 2445 332 2514 projecta
352 2444 429 2507 sinu,
448 2461 603 2497 consumere
646 2442 767 2496 videatur
790 2443 929 2497 obscenus
954 2455 999 2495 ant
1026 2439 1158 2495 nefandus

89 2520 208 2592 prodest.
218 2548 231 2570 ι
248 2522 342 2575 Ηιιιιι.
645 2523 681 2574 ob
695 2522 847 2593 'Ibyestrsas
857 2522 949 2593 epulas
961 2533 1007 2575 ant
1019 2522 1055 2575 ob
1068 2521 1157 2574 bomi-

134 2602 177 2655 15.
187 2602 250 2655 Nor.
261 2602 318 2656 Nos
328 2620 360 2655 ex
370 2602 495 2667 bomine,
504 2601 603 2672 inquit,
645 2620 707 2654 uem
719 2601 886 2672 impensum,
899 2620 977 2675 quam
988 2602 1010 2654 si
1021 2601 1159 2655 mansisset

90 2679 207 2734 remedia
222 2699 372 2753 queremus
386 2681 525 2735 dumtaxat
543 2681 604 2733 vul·
646 2699 730 2752 purus
745 2693 773 2735 et
787 2683 874 2735 anima
887 2694 975 2735 sancta
990 2693 1069 2753 atque
1081 2681 1159 2734 istius

89 2760 183 2829 gasin.
211 2773 239 2813 et
259 2771 355 2831 paratu
379 2760 488 2814 facilis:
512 2759 603 2814 Sicubi
645 2759 1009 2833 culpeinsciadescendisset
1017 2758 1050 2814 ad
1059 2778 1156 2815 manes.
1251 2814 1259 2827 ,

91 2840 157 2893 lacte
171 2840 331 2901 mulierum,
346 2840 431 2893 sicubi
448 2840 539 2912 aliquo
558 2838 603 2893 tali
645 2842 728 2895 Recte
739 2841 822 2913 igitur
834 2861 906 2914 quun
920 2842 963 2894 vel
975 2861 1028 2893 cum
1041 2837 1105 2892 inde
1118 2840 1157 2892 fe·

89 2939 159 2989 opus
178 2919 277 2973 fuerit:
291 2931 386 2973 cetera
405 2920 480 2992 quasi
498 2920 604 2990 piacula
645 2933 749 2974 cerum.
767 2920 882 2974 Facilius
902 2921 1000 2974 ferrem
1020 2921 1049 2972 τὸ
1070 2938 1159 2990 quarn,

90 2998 243 3052 vitabimus.
256 2999 347 3053 Hsan.
646 3001 668 3054 si
681 3004 710 3054 τὸ
723 3005 795 3053 etiam
808 2999 917 3054 abesset.
931 2999 1023 3053 Gaon.

136 3085 180 3132 16.
207 3080 324 3133 Taetrum
338 3083 453 3150 corporis.
473 3078 604 3150 Magneti·
691 3077 1156 3152 18.Vr'tamquidem...uurnesandaa.

90 3158 140 3210 smi
161 3177 235 3212 nunc
253 3172 395 3213 assertores
416 3160 541 3230 ingerunt
564 3178 605 3214 sa·
647 3159 855 3215 Declamatorie.
870 3158 949 3213 etiam
960 3176 1043 3230 quum
1057 3158 1085 3210 in
1099 3159 1157 3212 bec

90 3230 213 3292 cudntes
224 3239 365 3311 AEgyptios
379 3239 545 3309 magnetismi
558 3258 604 3312 ap·
648 3240 788 3293 corollaria
799 3236 897 3291 desinit
908 3256 968 3309 quae
982 3238 1051 3291 ratio
1064 3254 1158 3310 appro

90 3318 179 3388 prime
192 3336 301 3389 gnaros,
320 3337 401 3391 quem
421 3316 456 3372 ad
475 3317 607 3371 sanandos
647 3319 703 3372 bat.
712 3320 785 3390 Ergo
798 3320 844 3372 bas
852 3316 968 3371 medelas
978 3318 1023 3370 illa
1032 3314 1067 3370 de
1079 3334 1157 3371 causa

91 3397 201 3450 morbos
224 3416 280 3450 non
303 3399 384 3453 semel
408 3397 605 3452 transtulerant.
648 3396 807 3452 amovendas
815 3396 889 3463 dicit,
898 3396 972 3470 quod
982 3395 1086 3469 piacula
1094 3396 1158 3461 sint,

91 3477 163 3529 Hinc
172 3489 199 3530 et
208 3477 320 3547 siquem
332 3478 538 3549 scrophularum
551 3468 605 3547 (sa·
648 3491 675 3531 et
691 3477 788 3532 talibus
803 3476 909 3531 auxiliis
928 3477 1091 3531 incolumem
1108 3477 1158 3528 ob·

91 3556 165 3609 natio
174 3554 256 3622 certa)
266 3569 385 3630 tangeret
397 3557 478 3611 modo
490 3571 605 3612 sacratus
647 3559 742 3612 scoenis
769 3570 815 3610 aut
841 3555 963 3611 nefandis
991 3567 1157 3609 annumerat.

91 3654 137 3688 rex
148 3636 189 3688 vel
200 3637 345 3708 imperator
354 3656 361 3690 :
370 3657 428 3709 que
437 3637 545 3709 quidem
557 3636 605 3691 dos
648 3638 720 3691 Bella
734 3656 796 3690 sane
809 3637 954 3709 peroratio!
969 3655 1032 3707 ergo
1043 3635 1100 3689 bec
1113 3654 1159 3687 au·

91 3733 205 3786 magna,
219 3731 358 3788 postquam
385 3718 420 3770 ab
444 3717 604 3788 imperatore
647 3717 710 3770 xilia
732 3731 794 3771 sunt
809 3730 835 3770 et
858 3717 1020 3770 incolumem
1042 3714 1157 3784 aliquem

92 3796 257 3867 Vespasiano
270 3796 305 3849 ad
325 3810 417 3849 nostra
438 3797 521 3850 ferme
543 3811 603 3850 tem·
648 3797 778 3850 effecere?
793 3795 866 3862 Quid
893 3795 1071 3849 obscenitatis
1094 3811 1158 3863 ergo

89 3894 157 3945 pora
187 3876 285 3939 fluxit,
317 3876 464 3931 Galliarum
500 3877 605 3947 regibus
648 3876 761 3941 liabent,
782 3889 826 3929 aut
846 3876 941 3929 nefarii
955 3873 1074 3946 piaculi?
1093 3871 1159 3942 quid

90 3955 201 4026 propria
212 3954 259 4008 diu
268 3994 277 4022 ‚
286 3955 431 4027 derepente
440 3957 530 4023 cessit,
547 3975 602 4009 isra·
647 3956 764 4021 sceleris,
779 3956 919 4022 honeris,
934 3956 957 4009 si
970 3955 1161 4024 interemptum

993 4049 1030 4130 14
