2700 4800
489 378 645 447 LIBER
670 379 860 449 XXVIII.
1163 382 1202 454 51

134 512 380 583 damnationes
415 525 448 580 ct
477 508 710 604 condylomata
738 509 895 582 leniunt:
920 515 999 582 item
1027 539 1208 589 nervorum

135 618 286 703 dolores,
306 618 433 702 luxata,
459 616 675 685 articulorum
697 616 812 687 nodos.
834 607 1053 690 Efficaciora⁵
1081 623 1124 691 ad
1150 649 1208 693 ea·

134 725 227 812 dem,
233 726 428 819 strigmenta
441 747 459 791 a
472 722 626 811 balineis,
637 738 671 792 et
685 722 759 792 ideo
772 727 953 795 miscentur
966 733 1207 823 suppuratoriis

135 831 398 902 medicamentis.
414 814 522 901 Nam⁶
543 829 617 917 illa,
635 855 709 924 quae
725 846 801 900 sunt
818 859 836 902 e
855 849 1021 904 ceromate
1043 839 1206 929 permixta

135 964 253 1025 eoeno,
273 936 429 1007 articulos
450 950 578 1005 tantum
598 935 768 1025 molliunt,
787 938 1005 1027 calefaciunt,
1023 940 1207 1012 discutiunt

135 1045 336 1115 efficacius:
362 1044 420 1113 sed
447 1042 489 1111 ad
509 1057 628 1112 caetera
649 1045 759 1113 minus
787 1045 909 1115 valent.
936 1047 1080 1116 Excedit
1107 1048 1240 1119 fidema

135 1151 314 1247 impudens
330 1174 429 1236 cura,
446 1173 511 1243 qua
527 1149 660 1219 sordes²
679 1149 841 1221 virilitatis
858 1167 976 1221 contra
995 1156 1207 1250 scorpionum

136 1260 222 1327 ictus
242 1255 419 1352 singularis
444 1255 602 1341 remedii,
635 1256 840 1349 celeberrimi
870 1273 1021 1329 auctores
1051 1260 1207 1331 clamant.

135 1367 267 1435 Rursus
285 1367 321 1433 in
338 1363 485 1447 feminis,
511 1387 594 1457 quas
611 1362 786 1432 infantium
808 1364 885 1433 alvo
901 1351 913 1387 ⁸
931 1366 1034 1435 editas
1054 1369 1089 1434 in
1110 1382 1207 1437 utero

136 1473 207 1565 ipso
227 1484 345 1540 contra
366 1469 570 1538 sterilitatem
593 1468 689 1538 subdi
714 1485 877 1539 censent:
909 1473 1124 1541 meconium⁹
1146 1498 1207 1544 vo·

136 1574 477 1646 cantlmmo¹⁰etiam
491 1576 580 1670 ipsos
596 1579 844 1669 gymnasiorum
862 1601 970 1647 rasere
989 1582 1149 1672 parietes3
1175 1595 1208 1650 ct

135 1682 197 1753 illae
215 1707 350 1777 quoque
372 1681 486 1752 sordes
513 1681 780 1751 excalfactoriam
800 1685 867 1751 vim
886 1683 1010 1753 habere
1031 1684 1205 1755 dicuntur:

173 1927 202 1981 5.
236 1924 395 1997 Efficaciora.
422 1928 463 1978 De
488 1925 531 1978 his
556 1923 649 1978 eadem
692 1942 717 1977 c.
732 1944 759 1993 7,
769 1943 796 1995 p.
814 1925 1060 1990 17d.-Meconium.
1076 1927 1207 1984 Μηκύνιιν

136 2006 222 2060 Dioee.
242 2008 272 2071 1,
294 2007 348 2070 34,
365 2023 400 2058 ex
420 2006 545 2070 Cratera,
561 2025 576 2056 n
593 2024 648 2075 quo
692 2016 888 2057 excrementum
907 2003 981 2074 quod
994 2006 1114 2074 primum
1130 2010 1208 2061 emit·

135 2086 219 2140 hausit
232 2098 261 2140 et
273 2086 386 2139 Plinius.
399 2086 493 2137 Haeo.
692 2095 752 2136 tunt
771 2085 863 2155 pueri,
891 2083 964 2153 quod
989 2098 1132 2139 cruentum
1152 2102 1204 2152 est,

171 2170 200 2219 6.
211 2167 287 2219 Nam.
298 2166 410 2236 Κύοωμα
420 2175 585 2236 unguentum
596 2177 647 2229 est,
691 2177 797 2226 etrum,
813 2160 928 2234 soedique
944 2162 1045 2216 odoris.
1067 2165 1150 2219 Arist.
1169 2168 1204 2219 Η.

135 2244 205 2318 quod
224 2246 257 2299 lit
276 2247 385 2299 subacta
406 2245 467 2297 oleo
487 2261 565 2308 cera,
585 2263 646 2315 per·
690 2242 726 2295 A.
740 2243 810 2306 Vll,
828 2243 876 2303 13,
893 2260 951 2313 pag.
968 2245 1044 2308 844,
1057 2242 1092 2297 de
1105 2245 1207 2299 infante

135 2326 268 2398 mixtoque
279 2326 356 2378 luto:
372 2325 425 2377 hoc
439 2324 581 2376 luctatores
596 2343 646 2375 un·
689 2322 807 2392 primum
835 2336 976 2375 nascente:
995 2315 1085 2392 Ᾰοίοοι
1104 2320 1134 2376 dl
1154 2346 1205 2379 πι-

134 2408 277 2477 gebatum,
291 2405 318 2457 iu
330 2423 363 2458 eo
375 2404 501 2475 palaestrae
514 2416 558 2454 aut
570 2420 646 2474 gym·
689 2402 837 2472 praeripere
848 2401 882 2452 τὰ
898 2403 942 2472 μὲν
958 2404 1040 2463 ιύύύς,
1055 2403 1088 2456 τὰ
1102 2399 1133 2458 di
1147 2400 1206 2458 dtu·

134 2487 197 2539 nesii
208 2487 283 2548 loeo,
298 2484 346 2555 qui
357 2484 497 2537 ceromatis
506 2484 584 2535 etiam
596 2503 646 2535 no·
689 2485 796 2548 ταχέων,
807 2483 894 2533 πάντα
904 2478 931 2532 ‹l'
943 2485 966 2534 lv
977 2484 1070 2553 ἡμέρα·
1080 2484 1123 2539 καὶ
1133 2491 1205 2539 τοῦτο

134 2562 644 2621 meniudehabuit.DehisitlemDiosc.
690 2562 716 2613 τὸ
741 2561 888 2632 πιρίττομα
911 2564 983 2614 πλέον
1007 2563 1023 2620 ἢ
1046 2569 1090 2616 τοῦ
1113 2560 1204 2626 παιδὸς

134 2645 226 2709 1,35:
241 2637 306 2699 ὁδὶ
320 2646 348 2697 lx
360 2648 402 2704 τῆς
416 2644 557 2712 παλαίςρας
567 2663 645 2712 προσ·
688 2638 756 2692 κατὰ
770 2644 886 2711 plyades·
903 2643 915 2694 ὃ
928 2649 1028 2695 καλοῦσι
1051 2645 1076 2696 αἱ
1092 2648 1204 2714 γυναῖκες

134 2729 229 2799 saepe<
251 2726 296 2782 rtis
317 2726 394 2786 κύνιν,
415 2724 496 2783 ἐοικὼς
514 2719 543 2775 dl
558 2724 645 2792 ῥύπῳ,
688 2720 817 2786 μηκώνιον.
829 2728 927 2791 Κρῶμοι
941 2716 971 2773 dl
984 2724 1072 2775 τούτου
1090 2726 1205 2795 alpes&-

134 2806 174 2867 tlte
185 2805 242 2875 arpi
252 2806 309 2866 τούς
320 2800 448 2864 κονδύλους
459 2802 580 2873 ουςοοοὰς
590 2805 644 2854 ἐπι·
687 2796 742 2861 dre,
753 2799 795 2852 καὶ
804 2797 901 2870 σφόδρα
910 2802 1002 2871 μῦαν,
1011 2800 1053 2855 καὶ
1063 2800 1202 2864 πιττῶύις·

134 2890 251 2958 alipene<
274 2887 378 2955 ὼοιλνῖ,
392 2897 441 2937 etc.
464 2910 476 2931 ι
490 2883 557 2947 Qum
580 2901 643 2935 vero
687 2879 752 2950 μετὰ
775 2875 804 2934 dl
834 2886 924 2946 τοῦτο,
947 2877 998 2938 tta
1030 2877 1203 2951 γαλακτῶύις.

132 2967 283 3038 strigmenta
308 2965 338 3016 in
360 2963 487 3034 palaestris
505 2963 644 3033 pulverem
688 2960 813 3013 ‘Emittit
826 2960 905 3013 etiarn
917 2972 1083 3015 excrementa
1094 2961 1204 3032 quidem

133 3046 178 3099 tihi
199 3046 356 3110 adscivere,
382 3044 480 3097 similia
501 3041 642 3107 sordibus,
687 3039 774 3103 illico,
794 3038 902 3110 quidam
922 3038 993 3092 haud
1014 3040 1100 3092 multo
1121 3055 1203 3113 pust:

132 3127 305 3179 articulorum
324 3123 495 3177 collectiones
514 3141 544 3176 ac
559 3121 645 3175 nodos
687 3137 779 3171 omnes
804 3132 892 3170 autem
918 3119 989 3171 intra
1013 3118 1095 3173 diem.
1121 3122 1204 3194 Cujus

133 3203 254 3278 imposita
263 3207 368 3276 juvant.
380 3228 392 3250 ν
411 3201 505 3255 Ηιιιο.
687 3210 854 3251 excrementa
876 3198 1007 3268 quantitas
1022 3200 1107 3270 major
1123 3220 1203 3273 quam

168 3306 195 3356 7.
231 3287 291 3356 Qua
314 3283 403 3336 sordes.
433 3279 530 3335 Sordes
559 3279 643 3332 virilis
686 3297 737 3349 pro
752 3278 829 3349 pueri
849 3277 1051 3348 magnitudine:
1066 3279 1140 3350 quod
1155 3301 1203 3353 ep·

133 3365 244 3419 seminia
264 3364 358 3416 Hanc.
686 3358 787 3430 pellant
822 3358 945 3410 mulieres
985 3361 1202 3429 papaverculum.

169 3449 194 3500 ⁸.
204 3447 276 3516 Quas
285 3445 414 3509 infantium
423 3442 489 3506 οἱνο,
498 3452 549 3493 ete.
559 3441 644 3510 Lege,
688 3437 769 3491 Color
781 3440 837 3506 ejus
847 3449 986 3498 cruentus.
1001 3456 1032 3490 ae
1044 3437 1123 3491 valde
1133 3452 1204 3503 uter,

135 3543 222 3596 cquae
242 3520 361 3576 reddunt
377 3521 491 3575 infantes
516 3520 590 3584 alvo,
612 3537 644 3571 ex
687 3530 713 3570 et
741 3518 856 3587 piceus:
881 3530 942 3587 post
966 3515 1054 3583 illud,
1077 3536 1141 3571 mox
1163 3519 1203 3571 le·

132 3616 205 3657 utero
215 3602 298 3667 editi,
313 3614 425 3664 contre,
438 3615 507 3653 etc·
523 3599 643 3670 μηκώνιον
686 3609 768 3650 cteus.
780 3621 791 3641 ι
810 3598 900 3649 Hanc.

133 3696 325 3737 excrementum
339 3683 465 3752 nigrum,
478 3691 504 3732 et
516 3679 643 3743 fetidum,
730 3694 771 3728 ιο.
782 3676 866 3727 Immo.
876 3676 965 3728 Diosc.
976 3676 1003 3741 1,
1021 3675 1076 3741 36,
1091 3674 1204 3729 totidem

133 3763 201 3832 quod
211 3763 289 3833 pueri
302 3763 357 3814 neti
369 3762 487 3832 primum
500 3760 640 3812 emittunt:
686 3757 790 3809 verbis:
807 3756 858 3808 Καὶ
872 3759 883 3808 ὃ
901 3759 924 3808 ιν
937 3759 989 3815 τοῖς
1002 3762 1050 3807 τῶν
1062 3761 1204 3826 γυμνασίων

135 3843 224 3913 vulgo,
240 3844 343 3913 lesimp
363 3841 393 3893 de
406 3841 518 3907 l'enfant.
537 3841 642 3892 Drauc-
687 3837 776 3903 τοίχοις
786 3835 874 3905 ῥύπος,
886 3835 951 3887 καὶὸ
968 3836 1016 3887 ἀπὸ
1028 3842 1078 3887 τῶν
1092 3831 1205 3905 ἀνδριάν-

171 3923 347 3991 9.Meconitrm.
355 3922 397 3975 cf.
405 3919 644 3981 arisr.H.A.1.v1,
687 3936 735 3966 των
746 3953 754 3978 ,
767 3915 888 3985 θερμαίνει
901 3911 931 3966 di
943 3915 984 3966 καὶ
997 3910 1082 3982 dewi
1092 3915 1126 3969 τὰ
1139 3911 1204 3967 ‹lte-

138 4016 157 4050 e.
173 4002 220 4068 133
230 4004 337 4056 Reines.
350 4001 379 4053 in
390 4019 459 4053 verr.
473 4000 544 4052 lectt.
564 3999 583 4049 l·
601 3999 644 4060 11,
687 4013 774 4047 πιπτα
786 3996 904 4064 φύματα,
916 4005 967 4047 etc.
982 3993 1072 4047 lino.

1008 4101 1053 4180 4,
