2700 4800
423 349 582 417 LIBER
611 352 798 419 XXVIII.
1095 350 1140 424 53

72 483 273 553 tricaricum
289 483 427 550 ratione.
439 468 647 551 Vehemens⁵
664 485 753 552 enim
770 482 902 552 fricatio
916 485 1045 577 spissat,
1060 484 1142 556 lenis

70 587 200 658 mollit:
227 584 332 656 multa
357 586 473 656 adimit
504 612 642 716 corpus,
664 604 765 684 auget
793 588 936 658 modica.
966 593 1142 685 Inprimis

67 719 148 764 vero
161 693 300 790 prodest
317 678 519 762 ambulatio⁶
521 746 531 780 ,
556 694 725 787 gestatio⁷,
739 708 772 764 et
794 718 834 763 ea
852 693 1003 790 pluribus
1025 697 1141 767 modis.

66 801 240 896 Equitatio
266 799 440 871 stomacho
465 785 517 869 et⁰
542 802 634 870 coxis
664 799 869 871 utilissima:
896 801 1022 896 phthisi
1046 806 1143 874 navi·

67 1048 305 1119 circumsetnqne,
335 1052 384 1100 τῶν
415 1053 501 1116 zupus
529 1050 585 1109 ταῖς
628 1047 761 1118 optimum
785 1058 832 1100 est.
846 1071 858 1093 ι
883 1046 1040 1118 Cujnsmodi
1061 1067 1144 1119 porro

67 1124 196 1188 Ιτιὸιλιιῑς
209 1147 238 1179 τι
249 1127 291 1180 sel
304 1131 472 1198 πιριιιγωγιιῖς
486 1127 511 1178 ai
524 1128 586 1180 ἀνα,-
628 1124 725 1180 debeat
741 1145 795 1179 esse
809 1125 971 1190 ambulatio,
989 1128 1082 1181 Celsus
1097 1127 1144 1181 de·

67 1206 160 1276 τρίψιις
185 1207 330 1277 γίγνονται,
352 1205 442 1276 iuquit
466 1205 527 1260 Gal.
552 1205 587 1259 de
629 1207 723 1269 clarat,
738 1208 766 1271 I,
781 1225 815 1259 s:
834 1204 1147 1271 -cornmodevero,in·

68 1286 153 1339 Senit.
174 1283 292 1350 tuenda,
318 1286 367 1348 II,
394 1283 429 1349 3,
455 1304 514 1356 pag.
542 1304 585 1355 7⁰·
628 1286 702 1357 quit,
717 1298 842 1339 exercent
861 1286 931 1337 clara
946 1285 1042 1352 lectio,
1059 1306 1148 1354 arma,

68 1365 207 1418 Frictione
222 1382 287 1420 veto
300 1363 391 1417 unctio
405 1365 531 1437 praemitti
543 1384 587 1418 so·
628 1365 698 1437 pila,
711 1383 816 1429 cursus,
829 1365 991 1418 ambulatio:
1002 1368 1147 1437 atqnehtec

67 1445 115 1498 lia
129 1458 208 1510 erat,
227 1456 257 1498 ut
272 1442 350 1498 docet
369 1440 457 1505 idern,
474 1445 516 1510 11,
540 1449 585 1513 69.
628 1463 685 1498 non
697 1445 790 1516 utique
804 1445 896 1516 plana,
909 1444 1077 1498 commodior
1088 1458 1145 1503 ests

70 1526 105 1578 Et
119 1524 192 1578 Cels.
206 1527 237 1590 I,
257 1525 292 1578 3:
310 1525 402 1577 *Turn
422 1525 507 1577 inulto
527 1524 587 1576 oleo
627 1523 760 1595 siquidem
773 1524 867 1576 melius
880 1523 1021 1578 adscensus
1039 1544 1148 1598 quoque

71 1605 154 1675 ungi,
170 1605 319 1676 leniterque
334 1603 491 1675 perfricari,
507 1616 557 1657 etc.
573 1628 584 1650 ·
629 1617 655 1657 et
667 1603 807 1657 descensus
819 1622 882 1656 cum
893 1603 1007 1674 quadam
1019 1606 1147 1659 varietate

70 1685 105 1737 Et
115 1681 152 1737 de
165 1685 244 1749 tabe,
256 1683 304 1736 lib.
318 1685 375 1744 111,
398 1702 431 1734 ns
447 1703 453 1736 :
471 1685 589 1736 -Prater
630 1703 729 1754 corpus
742 1696 863 1736 moveat:
878 1684 928 1736 nisi
944 1697 1032 1736 tamen
1047 1683 1074 1737 id
1085 1704 1148 1756 per·

71 1764 127 1818 hnc
139 1765 267 1817 convenit
279 1763 415 1816 ambulare
429 1763 494 1816 locis
509 1781 589 1834 quam
630 1781 709 1835 quam
718 1762 881 1815 imbecillum
891 1776 941 1816 est:
953 1763 1050 1817 melior
1059 1777 1148 1817 antem

71 1844 182 1896 minime
207 1841 327 1914 frigidis,
351 1843 406 1896 sole
436 1844 544 1896 vitato...
567 1841 590 1894 si
631 1856 671 1897 est
691 1844 741 1895 sub
765 1840 844 1908 divo,
866 1860 947 1913 quarn
969 1844 998 1896 in
1020 1845 1146 1914 porticu:

71 1923 207 1976 infirmior
225 1935 283 1989 est,
302 1922 414 1994 gestari,
432 1922 514 1993 ungi,
527 1940 589 1992 per·
632 1922 739 1986 melior,
758 1922 780 1972 si
797 1935 878 1993 caput
901 1923 1015 1992 patitur,
1034 1925 1062 1976 in
1078 1924 1150 1987 sole,

72 2002 180 2066 fricari,
200 2003 222 2055 si
242 2014 342 2073 potest,
362 2004 478 2055 maxime
493 2020 542 2071 per
563 2019 590 2052 se
632 2020 711 2073 quam
723 2002 751 2052 in
765 2001 877 2053 umbra:
892 2002 988 2054 melior
999 2002 1028 2053 in
1041 2004 1149 2067 umbra,

72 2083 179 2153 ipsum,
200 2082 294 2153 sepius
313 2079 408 2134 codem
425 2080 498 2133 die...
519 2081 590 2132 Tum
632 2100 713 2153 quam
732 2081 864 2149 parietes,
882 2093 927 2132 aut
943 2080 1070 2135 viridaria
1091 2083 1150 2135 ett-

72 2161 203 2234 paulatim
216 2161 270 2213 cibi
289 2157 384 2217 dandI,
399 2160 507 2231 adjectis
517 2178 591 2212 exer·
632 2163 721 2223 ciunt,
732 2177 811 2228 quarn
825 2177 884 2229 qua
896 2170 967 2211 tecto
979 2162 1085 2214 subest:
1097 2180 1152 2214 me·

72 2241 264 2305 citationibus,
286 2239 471 2303 unctionibus,
491 2239 591 2291 frictio·
632 2240 686 2292 lior
700 2251 790 2304 recta,
801 2257 881 2309 quam
894 2238 1017 2292 flexuosa.
1029 2264 1040 2286 ι
1060 2240 1151 2294 Ηιιιιι.

72 2322 214 2392 nibusque.
234 2346 245 2368 ι
271 2320 443 2389 Iterumque,
466 2320 523 2382 IV,
553 2318 590 2371 5:
674 2338 702 2389 7.
719 2318 839 2370 Gestatio.
853 2318 1013 2372 Exercitatio
1031 2332 1085 2384 est,
1100 2337 1153 2390 qua

76 2401 163 2454 sPost
177 2399 394 2453 exercitationem
409 2416 476 2469 opus
490 2411 529 2450 est
543 2416 592 2448 un·
634 2411 779 2469 gestamur,
801 2410 847 2450 aut
864 2397 999 2463 vehimur,
1014 2418 1099 2469 equo,
1115 2400 1153 2451 le·

73 2482 181 2545 ctione,
207 2478 347 2542 frictione,
369 2479 464 2530 balneo
487 2495 593 2548 quoque
635 2478 718 2540 crica,
738 2489 789 2529 etc.
810 2479 850 2530 De
865 2495 895 2528 ea
911 2478 971 2530 satis
988 2479 1092 2549 elegans
1106 2479 1152 2532 Se·

74 2577 294 2630 nonnumquam,
312 2571 362 2610 etc.
375 2584 386 2604 ι
412 2558 494 2627 Ungui
511 2575 594 2628 porro
636 2576 708 2610 necae
720 2555 812 2624 locus,
825 2555 903 2608 initio
918 2575 961 2629 ep.
975 2556 1011 2611 55
1024 2577 1030 2610 :
1050 2561 1094 2610 «A
1108 2576 1154 2630 ga·

74 2641 203 2695 hocloco
215 2651 246 2691 ut
258 2638 449 2701 scriberemus,
463 2635 546 2690 codex
562 2637 592 2687 ll.
636 2638 748 2691 statione
764 2655 849 2706 quum
863 2637 978 2689 maxime
991 2640 1085 2704 venio,
1098 2657 1154 2691 non

78 2742 109 2784 s,
130 2718 288 2783 admonuit,
303 2730 330 2771 et
349 2716 441 2771 chiffl.
463 2735 525 2769 cum
541 2716 594 2770 Ga·
636 2718 725 2770 minus
746 2717 884 2787 fatigatus,
909 2718 1028 2787 quamsi
1050 2731 1154 2770 tantum

76 2802 147 2856 leno.
162 2799 255 2851 Haau.
637 2796 827 2858 ambulassem,
844 2808 974 2867 quantum
987 2795 1052 2849 sedi.
1068 2798 1155 2850 Labor

118 2882 145 2934 5.
181 2879 322 2930 Vehemens.
351 2875 476 2929 Totidem
510 2876 596 2928 verbis
638 2891 676 2930 cst
690 2875 762 2928 enirn
779 2888 805 2928 et
818 2873 865 2927 diu
879 2875 1006 2929 ferritac
1017 2876 1107 2928 nescio
1121 2895 1155 2929 an

77 2961 147 3015 Cels.
171 2976 204 3010 ex
223 2957 307 3028 Hipp.
327 2957 372 3020 ΙΙ,
395 2962 450 3021 14:
476 2957 595 3026 «Neque
639 2975 670 3009 eo
683 2957 854 3025 major,quis
865 2969 958 3007 contra
968 2967 1089 3006 naturam
1102 2967 1156 3020 est,

77 3039 200 3094 dubitare
210 3050 313 3108 potest,
328 3036 429 3107 inquit,
441 3036 507 3107 quin
518 3036 596 3087 latius
639 3054 698 3107 quse
719 3032 800 3106 pedes
816 3033 903 3095 dedit,
920 3046 948 3085 ιιι
966 3052 1016 3104 per
1032 3053 1081 3086 nos
1101 3054 1157 3088 am·

77 3118 189 3193 quidem
206 3131 232 3170 et
249 3115 412 3180 dilucidius,
427 3116 474 3168 ubi
488 3127 516 3167 et
528 3133 596 3185 quo·
639 3115 809 3168 bularemus:
824 3117 933 3177 oculos,
946 3126 977 3165 ut
991 3116 1157 3184 pernosti-

78 3197 161 3253 modo
194 3197 319 3250 frictione
350 3193 479 3248 utendum
509 3208 594 3258 esset,
640 3194 779 3260 deremus,
792 3204 864 3245 eto.»
883 3194 974 3246 liano.

79 3274 501 3348 Asclepiadesprseceperittnihil
508 3289 597 3328 tamen
684 3276 710 3328 8.
724 3273 769 3325 Et.
784 3272 892 3334 Celsus,
906 3272 947 3337 II,
963 3273 997 3325 15
1011 3290 1017 3324 :
1035 3272 1158 3327 ‘Genera

79 3359 196 3430 reperit,
216 3355 290 3427 quod
312 3374 368 3407 non
387 3373 402 3407 a
420 3355 597 3407 vetustissimo
642 3366 731 3408 autem
744 3351 897 3423 gestationis
910 3352 988 3422 plura
1004 3364 1068 3405 sunt
1080 3352 1159 3406 adhi-

77 3452 187 3493 auctore
205 3437 385 3507 Hippocrate,
401 3435 493 3505 paucis
512 3434 599 3487 verbis
643 3432 747 3498 benda,
772 3450 832 3504 quae
853 3431 906 3484 sint
929 3445 955 3485 et
981 3451 1032 3504 pro
1056 3433 1160 3485 viribus

78 3516 304 3589 comprehensum
321 3515 376 3568 sit:
397 3513 443 3584 qui
456 3513 539 3580 dixit,
555 3513 600 3567 tri·
644 3517 790 3586 cujusque,
807 3522 834 3563 et
853 3529 903 3581 pro
923 3513 1048 3585 opibus...
1066 3512 1160 3565 Gesta·

80 3598 192 3664 ctione,
213 3596 235 3649 si
264 3595 408 3649 vehemens
433 3594 483 3659 sit,
509 3592 600 3647 durari
645 3596 748 3648 tionum
765 3591 899 3644 lenissima
914 3605 953 3645 est
967 3592 1046 3656 navi,
1066 3591 1109 3644 rel
1131 3593 1160 3644 in

81 3694 196 3749 corpus:
211 3676 234 3728 si
245 3675 325 3739 lenis,
340 3672 439 3726 molliri
451 3687 457 3721 :
472 3674 493 3726 si
504 3674 601 3739 multa,
644 3686 734 3766 portu,
741 3672 782 3726 rel
792 3671 819 3723 in
829 3670 954 3724 flumine:
966 3672 1160 3738 vehementior,

80 3758 186 3811 minui:
204 3752 504 3824 srmodrca,impleri.
522 3766 597 3807 etc.»
646 3753 745 3806 inulto
764 3753 844 3812 mari,
860 3753 938 3804 nari:
952 3752 995 3804 vel
1012 3750 1103 3804 lectica
1117 3763 1163 3804 aut
1225 3754 1231 3767 ‘

54 3837 172 3892 'llsnu
646 3850 780 3886 scamno:
805 3831 901 3897 acrior,
920 3831 1050 3884 vehiculo,
1077 3834 1164 3901 Atque

123 3915 321 3972 admittam.
339 3912 455 3966 Plaut'
448 3932 477 3965 ιιι
493 3911 603 3965 Curcul
647 3912 726 3964 hacc'
719 3929 776 3982 ipsa
794 3922 820 3963 et
837 3908 943 3963 intendi
960 3923 987 3962 et
1003 3910 1082 3963 leniri
1102 3929 1163 3981 pos·

81 4010 134 4051 act.
148 3998 191 4063 II,
205 4015 241 4051 sc
264 4013 296 4048 1:
315 3993 472 4049 ·:Amhuls
489 3990 519 4045 id
539 3989 604 4044 lIeni
649 4005 717 4045 sunt.
732 3989 760 4044 Si
773 3990 842 4044 nihil
856 3989 953 4043 horum
968 4003 1022 4051 est,
1038 3988 1165 4061 suspendi

983 4083 1020 4172 4³
