2700 4800
223 353 268 425 50
494 356 533 422 C.
560 352 731 421 PLlNll
755 352 863 421 NAT.
891 354 1018 421 HIST.

213 490 375 565 ,vicesima
388 483 483 572 luna,
501 470 554 553 in⁶
573 483 733 555 limitibus
753 486 862 581 supini
879 486 987 580 ipsam
1002 485 1184 572 intuentes,
1205 483 1295 557 ultra

221 609 323 691 caput
338 593 492 661 manibus
509 593 692 685 porrectis,
720 607 754 661 et
774 590 936 687 quidquid
959 591 1231 687 apprehendere,
1251 617 1294 664 ao

220 703 385 773 fricantes.
414 696 557 767 Clavum
580 700 748 792 corporis,
773 723 877 793 quum
905 698 994 767 cadit
1021 696 1134 788 stella,
1163 699 1191 769 si
1219 700 1295 794 quis

220 810 407 901 distringat,
421 802 474 872 vel
488 806 555 873 cito
570 806 678 873 sanari
687 808 798 891 aiunt,
816 805 1007 874 cardinibus
1023 806 1185 875 ostiorum
1199 820 1296 877 aceto

220 915 350 985 alluso:
366 910 473 980 lutum
486 910 588 980 fronti
606 910 723 981 illitum
736 964 746 998 ,
760 912 877 1007 capitis
892 911 1042 981 dolorem
1059 911 1196 982 sedare:
1215 912 1296 982 item

220 1021 375 1115 laqueum
398 1016 606 1112 suspendiosi
623 1017 864 1088 circumdatum
885 1019 1102 1113 temporibus.
1123 1020 1160 1088 Si
1180 1017 1297 1113 quide

219 1130 310 1223 pisce
333 1126 465 1194 haeserit
485 1124 653 1207 faucibus,
682 1126 716 1191 in
738 1148 858 1218 aquam
880 1124 1030 1196 demissis
1057 1124 1213 1220 frigidam
1233 1150 1296 1220 pa·

220 1233 335 1318 dibus,
356 1230 484 1300 cadere.
509 1229 563 1299 Si²
583 1254 664 1298 vero
683 1255 727 1299 ex
747 1230 818 1299 aliis
837 1231 986 1319 ossibus,
1008 1232 1169 1328 impositis
1194 1233 1295 1326 capiti

220 1364 260 1408 ex
277 1338 394 1409 eodem
412 1338 504 1431 pisce
524 1335 683 1405 ossiculis.
712 1338 746 1406 Si
766 1338 861 1432 panis
878 1337 1023 1426 haereat,
1052 1363 1094 1408 ex
1119 1336 1240 1409 eodem
1260 1339 1296 1408 in

221 1461 397 1538 utramque
418 1466 533 1511 aurern
555 1440 668 1511 addito
686 1467 781 1537 pane.

190 1596 201 1630 1
275 1555 373 1621 XIII.
398 1550 490 1638 Quin
512 1562 546 1617 et
567 1548 681 1618 sordes
699 1548 842 1619 hominis
861 1552 895 1617 in
915 1550 1044 1644 magnis
1060 1549 1169 1621 secere
1187 1574 1295 1620 rema·

220 1659 283 1728 diis
294 1671 556 1751 quaestuosorum
573 1654 762 1750 gymnasia¹
778 1656 974 1725 Graecorum
991 1681 998 1724 :
1014 1655 1152 1752 quippe²
1168 1682 1209 1727 ea
1223 1658 1295 1727 stri·

219 1778 353 1860 gmenta
366 1761 535 1844 molliunt,
546 1760 756 1848 calefaciunt,
770 1761 967 1847 discutiunt,
981 1762 1163 1858 complent,
1171 1763 1294 1833 sudore

220 1885 255 1940 et
279 1869 353 1939 oleo
378 1867 575 1938 medicinam
603 1867 808 1937 facientibus.
835 1868 955 1938 Vulvis
976 1870 1190 1939 inflammatis
1213 1894 1295 1940 con·

220 1978 399 2070 tractisque
417 1973 637 2044 admoventur
646 1959 668 2042 ³.
688 1976 742 2043 Sic
766 1989 800 2043 et
821 1962 971 2045 mensesl
990 1977 1106 2046 cient:
1129 1976 1218 2047 aedis
1241 1978 1297 2045 in-

262 2253 289 2303 6.
303 2249 343 2301 In.
358 2250 390 2299 ln
405 2244 522 2307 semitis,
535 2244 638 2315 viisque
652 2256 736 2298 nans·
822 2267 848 2299 2.
861 2247 964 2317 Quippe.
975 2246 1016 2298 Ita
1024 2244 1114 2299 sordes
1121 2246 1302 2318 appellabant,

220 2329 304 2382 versis
315 2345 449 2398 agrorum.
462 2325 556 2377 Hsan.
781 2343 840 2397 quae
863 2323 1107 2397 destringebantur,
1131 2324 1300 2380 deradeban·

263 2428 290 2479 7.
305 2401 736 2474 Si.Nonepisciuu1modo,sed
781 2414 878 2476 turqne
909 2404 943 2458 de
970 2405 1131 2459 athletarum
1158 2424 1299 2479 corpora:

221 2487 301 2540 etiam
316 2504 348 2537 ex
365 2484 519 2538 animalium
534 2483 643 2537 ossibus.
658 2486 690 2536 lu
703 2484 737 2537 li·
781 2485 936 2538 constabant
949 2483 1048 2538 sudore
1058 2498 1085 2538 et
1095 2486 1173 2539 oleo:
1187 2484 1300 2559 etquod

221 2567 278 2619 bris
296 2565 424 2617 hactenus
439 2561 531 2626 editis,
543 2584 574 2615 er
590 2563 671 2615 eodem
685 2584 737 2616 osse
780 2564 940 2617 medicatam
956 2565 1011 2617 vim
1028 2564 1170 2631 haberent,
1185 2564 1301 2638 diligen·

222 2645 339 2698 ossicula.
356 2646 388 2695 ln
401 2645 467 2714 lleg.
485 2663 499 2695 a
514 2655 540 2695 et
552 2643 601 2695 ch.
613 2664 643 2695 ee
656 2643 736 2695 eodem
781 2657 821 2697 ter
828 2643 1029 2714 colligebantur,
1040 2664 1190 2716 magnoque
1198 2663 1301 2699 venam

222 2743 304 2778 aare:
320 2742 388 2795 quos
409 2723 479 2774 ultro
506 2721 611 2775 codices
632 2723 737 2792 sequuti
781 2723 865 2777 ibant.
876 2723 939 2776 Val.
951 2725 1023 2776 Max.
1033 2724 1088 2790 IX,
1103 2730 1137 2787 rt
1147 2741 1154 2777 ε
1166 2723 1302 2795 ιῦγιπιιὶ·

222 2824 324 2859 sumus.
338 2803 419 2856 Favet
433 2802 517 2854 Marc.
532 2800 611 2871 Emp.
627 2801 695 2863 XV,
708 2822 736 2875 p.
781 2820 873 2856 corum
893 2822 970 2857 servo
987 2803 1142 2875 strigmenta
1168 2804 1303 2876 gymnasii

227 2902 298 2940 rra:
316 2911 327 2932 .
339 2883 368 2937 Si
382 2881 417 2936 de
429 2882 500 2954 pisce
514 2900 544 2933 os
555 2881 677 2933 lancibus
687 2881 738 2935 hae·
781 2883 949 2954 colligenti.»
969 2883 1083 2937 Easdem
1098 2901 1183 2955 porro
1195 2884 1225 2937 in
1243 2902 1301 2938 ωε·

223 2966 306 3028 serit,
336 2962 439 3036 spinam
474 2959 591 3014 mediam
622 2959 740 3032 ejusdem
780 2960 898 3016 dicando
917 2962 987 3016 vires
1002 2964 1164 3035 strigmentis
1185 2982 1302 3035 gymna-

223 3046 302 3115 piscis
314 3045 458 3115 infringes:
473 3054 500 3094 et
510 3040 626 3113 aliquam
637 3053 741 3112 partem
780 3041 882 3094 riorum
893 3041 1063 3096 Dioscorides
1070 3044 1240 3111 attribuit,1,
1251 3042 1300 3098 36.

224 3143 257 3177 cx
271 3144 315 3190 eo,
326 3124 424 3193 pollice
436 3135 462 3175 et
475 3120 626 3174 medicinali
641 3120 742 3193 digito,
783 3120 823 3174 td
836 3121 1008 3176 maturandae
1022 3136 1095 3177 certe
1106 3122 1235 3190 duritias,
1246 3124 1303 3178 uol-

224 3222 303 3276 super
319 3204 447 3255 verticem
467 3203 542 3272 ejus,
561 3202 638 3272 cujus
656 3220 686 3253 os
701 3201 742 3254 rel
782 3201 1058 3269 lectiones,strumas,
1075 3200 1302 3259 aTheodt’rtac.

145 3298 148 3303 ·
223 3283 299 3354 spina
318 3281 446 3344 haerebit,
469 3299 603 3351 appones:
626 3279 672 3333 sed
688 3281 740 3334 uti·
783 3279 818 3334 de
832 3283 996 3344 furunculis,
1011 3283 1057 3334 lib.
1071 3284 1100 3347 I,
1113 3281 1304 3337 commendan-

222 3363 276 3415 lius
288 3361 356 3425 erit,
382 3361 405 3412 si
426 3360 555 3417 nescienti
574 3358 603 3412 id
621 3360 709 3414 sacius.
724 3387 736 3408 ι
785 3374 830 3415 tur
840 3362 882 3415 hae
897 3360 1009 3414 «sordes
1019 3360 1053 3414 de
1064 3362 1302 3434 parietibuspalaa-

224 3444 318 3495 Hanu.
784 3454 845 3494 strae
856 3442 981 3495 collecte.
992 3466 1003 3488 ι
1021 3442 1302 3498 Iluam-Immerito

264 3522 341 3574 x111.
357 3536 381 3572 t.
394 3519 539 3591 Qrmamiu.
550 3519 653 3572 Plinius
661 3537 740 3591 supra
785 3533 813 3573 et
824 3521 888 3573 hinc
903 3522 964 3593 plns
976 3522 1109 3592 periculi,
1125 3540 1206 3592 quam
1220 3520 1302 3577 auxi·

224 3602 291 3664 XV,
308 3601 340 3663 5,
353 3600 403 3651 ubi
416 3598 450 3650 de
464 3599 540 3651 oleo:
561 3626 572 3647 ι
582 3601 668 3652 Usum
686 3601 743 3671 ejus
785 3600 824 3652 lii.
834 3600 904 3654 Nam
915 3601 989 3656 sicui
1001 3600 1140 3656 delicatior
1148 3601 1227 3668 cutis,
1235 3602 1302 3674 pani

177 3734 184 3741 ,
222 3679 505 3733 adluxuriamvertere
513 3678 607 3738 Graeci,
616 3679 742 3732 vitiorum
786 3692 813 3733 et
826 3680 914 3734 ulcera
926 3680 992 3734 hinc
1004 3682 1082 3734 facile
1092 3681 1280 3735 orientur.Aa.

223 3759 345 3811 omnium
368 3758 515 3828 genitores,
535 3759 563 3809 in
586 3758 740 3828 Gymnasiis
826 3761 853 3814 3.
877 3759 1061 3832 contractisque
1083 3760 1245 3815 adsnoaentur.
1267 3762 1303 3815 In

222 3836 396 3909 publicando.
407 3838 508 3889 Notum
516 3849 564 3902 est,
572 3840 739 3909 magistratus
784 3840 941 3893 alterutrum
953 3841 1020 3893 latus
1030 3841 1164 3894 reclinatis
1176 3860 1183 3894 :
1193 3860 1301 3896 sursum

222 3920 333 3973 honoris
352 3921 408 3989 ejus
425 3916 561 3987 octogenis
578 3919 739 3988 strigmentis
783 3920 1012 3990 procurrentibus.
1025 3922 1127 3974 Danaa.

223 4000 276 4052 olei
293 3996 471 4052 vendidisse·
488 3995 579 4049 llaan.
827 4007 853 4063 4.
868 3999 970 4052 Menses.
983 4000 1302 4073 Menstrua,aaacpsista·
