2692 4808
467 356 626 423 LIBER
656 357 848 425 XXVIII.
1155 377 1191 422 ιι

129 486 255 571 soriia⁹,
264 485 329 557 alia
341 485 632 555 commentationis
645 513 653 554 ε
665 486 876 580 vidimusque
885 486 983 553 certia
997 487 1197 578 precationi·
1217 516 1232 547 ι

128 594 193 664 bus
204 594 395 664 obsecrasse
413 616 560 660 summos
573 593 795 686 magistratus.
807 594 853 660 Et
864 614 907 659 ne
925 590 1005 684 quid
1018 590 1197 661 verborum

130 713 362 795 pratereatur,
374 711 432 766 aut
440 712 680 792 praeposterum
697 697 842 784 dicatur,
855 695 927 766 de¹⁰
941 697 1066 792 scripto
1080 699 1198 792 praeire

130 804 275 900 aliquem
295 824 499 897 :rursusque
520 803 623 875 alium
643 805 814 874 custodem
838 802 908 872 dari
941 804 998 897 qui
1025 803 1196 872 attendat:

131 910 233 983 alium
256 908 365 1005 nero¹¹
400 911 568 1006 praeponi,
597 909 684 1004 qui¹¹
708 910 812 980 faveri
842 908 963 1003 linguis
986 909 1103 1003 jubeat
1119 935 1136 979 ε·
1158 912 1196 978 ti·

132 1017 276 1086 biciucm
286 1001 310 1040 ¹³
343 1040 481 1102 canere,
514 1039 557 1084 ne
594 1017 674 1111 quid
703 1015 794 1086 aliud
829 1015 1024 1085 exaudiatur
1032 1003 1072 1082 ¹⁴:
1106 1030 1198 1085 utra·

173 1212 201 1263 9.
217 1190 378 1261 Depelaoriia.
394 1191 569 1261 Depulaoria,
582 1204 644 1256 aut,
689 1193 801 1263 linguis:
814 1192 874 1246 lloc
883 1194 1009 1256 verbum,
1019 1210 1074 1245 non
1086 1193 1201 1263 utpleri·

133 1283 165 1325 ut
184 1284 224 1325 eat
243 1268 317 1342 apud
336 1271 496 1334 Valerium,
519 1270 646 1342 depulsa,
689 1291 744 1345 que
756 1272 923 1337 existimant,
935 1290 950 1324 a
963 1271 1055 1325 lavore
1068 1272 1199 1325 trahitur:

131 1350 167 1405 ad
176 1361 301 1424 portenta
311 1351 496 1422 pertinebant,
512 1369 572 1422 qua
584 1366 646 1405 cou-
689 1350 736 1405 aed
758 1352 906 1423 imperatur
926 1351 1080 1416 edentium,
1100 1364 1130 1404 ut
1148 1351 1215 1411 rite,

132 1430 216 1503 captia
225 1430 315 1483 verbis
323 1427 524 1501 depellebantur
534 1443 563 1483 et
571 1448 647 1484 aver·
688 1432 781 1503 peragi
801 1431 883 1502 poaait
904 1449 1023 1497 mum,
1045 1431 1116 1484 nulla
1137 1449 1201 1484 voca

135 1511 266 1565 rebantur.
276 1507 357 1574 Quod
369 1508 440 1562 idem
452 1509 576 1563 Valerio·
584 1510 647 1564 acri·
689 1511 758 1564 mala
788 1512 965 1582 obstrepente.
983 1537 995 1558 ι
1025 1511 1093 1577 Quae
1118 1510 1200 1562 Plinii

134 1590 191 1654 bit,
213 1589 366 1658 precatione
380 1587 432 1643 diis
451 1588 525 1660 quod
542 1590 646 1643 salvam
689 1607 798 1661 quoque
814 1591 870 1643 hoo
889 1590 949 1642 loco
965 1608 1040 1644 meua
1055 1602 1104 1643 eat.
1117 1590 1202 1642 Aliter

135 1686 191 1722 erae
232 1669 374 1732 volebant,
413 1667 645 1724 commendabant.
690 1669 969 1734 lortel'eatua‚verbo
977 1671 1106 1737 sarmatia.-
1120 1688 1203 1740 ιρι-ω-

134 1749 221 1802 Turn.
233 1745 344 1801 Adrere.
360 1747 409 1802 lib.
423 1748 533 1814 XXIII,
547 1768 573 1802 o.
594 1767 646 1814 ao,
690 1767 769 1802 conca
783 1750 942 1814 clamantes,
956 1749 1058 1821 inquit,
1071 1750 1200 1819 populum

136 1840 163 1881 et
174 1828 225 1880 lib.
239 1828 285 1893 V,
296 1845 355 1897 cap.
373 1829 417 1882 aa.
432 1830 538 1882 Danao.
690 1828 825 1883 aacrilioiia
841 1830 929 1882 lavere
944 1831 1096 1900 jubebantr
1114 1828 1202 1881 lavere

179 1924 221 1961 ro.
234 1907 284 1960 De.
306 1906 426 1960 Recitata
444 1919 472 1961 et
491 1907 647 1979 quaeipre·
690 1908 762 1961 enim
788 1921 828 1962 eat
852 1910 924 1961 bona
948 1909 1007 1962 sari.
1033 1909 1076 1961 Ac
1100 1921 1202 1961 veteres

135 1988 232 2059 legere.
253 1987 340 2058 liujua
359 1987 442 2040 moria
463 1988 584 2058 exempla
605 1987 648 2039 vel
690 2000 833 2059 poetepro
840 1989 915 2041 silere
922 1989 1030 2041 ueiaunt
1039 1988 1153 2040 faverem
1168 1986 1200 2039 ll.

136 2084 207 2121 unua
236 2066 337 2120 Latina
367 2066 464 2138 lingue
496 2068 649 2121 Tbeaauroa
735 2068 779 2121 1³.
797 2067 936 2120 Tibicinem.
953 2066 1034 2121 oud.
1056 2068 1125 2120 Faat.
1145 2068 1203 2130 VI,

136 2147 215 2217 plura
248 2143 439 2217 suppeditabit.
475 2146 648 2216 subintellige
691 2166 718 2200 v.
732 2147 801 2216 6⁵7,
814 2146 922 2218 lepide:
938 2147 1202 2216 ‹Temporibualle-

137 2243 222 2297 porro
237 2225 289 2277 hoc
308 2225 370 2278 loco
389 2251 401 2272 ι
415 2226 511 2296 praeire
529 2227 648 2298 aliqum
692 2239 779 2279 terum
799 2226 916 2280 tibicinia
930 2245 992 2280 naua
1007 2244 1122 2279 avorum
1143 2227 1202 2278 bla-
1311 2244 1315 2251 ⁴

138 2304 226 2360 alicui.
239 2330 252 2352 ι
264 2304 334 2358 Nam
344 2305 455 2358 verbum
464 2304 563 2359 infiniti
573 2303 649 2359 modi
692 2324 775 2376 gnua,
789 2318 817 2359 et
829 2306 856 2359 in
870 2324 967 2377 magno
983 2323 1089 2377 aemper
1100 2306 1203 2357 honore

135 2388 238 2455 proin,
252 2397 313 2439 aute
331 2402 361 2438 ae
380 2386 556 2439 accuaativum
576 2386 648 2438 bunc
692 2386 751 2439 tuit.
765 2386 895 2439 Cantabat
906 2386 988 2450 lania,
1004 2386 1124 2438 cantabat
1139 2384 1203 2437 tibia

138 2464 242 2536 aliquem
260 2464 358 2527 habet.
378 2483 434 2517 uon
448 2465 533 2536 regit,
552 2464 649 2518 admit·
692 2464 781 2531 ludia,
794 2465 923 2519 Cantabat
935 2465 1034 2519 moeatia
1050 2464 1203 2517 tibialune·

139 2543 205 2596 titve
217 2555 278 2616 poet
291 2562 326 2596 ae.
341 2544 431 2597 Ηιιιι).
692 2545 774 2598 ribua.
786 2570 798 2593 a
817 2545 991 2616 Iternmque:
1010 2544 1203 2610 «Querirurin

181 2640 225 2677 ar.
250 2622 336 2677 Alium
360 2642 421 2680 uro
442 2627 571 2695 praeponi,
595 2635 647 2676 etc.
692 2641 770 2679 acena
787 2642 851 2677 aava
869 2625 954 2677 tibia:
970 2624 1099 2695 queritur
1115 2625 1199 2677 aria.-

141 2703 230 2755 Verba
242 2702 289 2755 itta
305 2702 430 2768 luerunt,
447 2706 589 2774 aipnpairt,
610 2724 649 2756 σι·
692 2703 799 2758 Hoatiaa
806 2702 1015 2776 apudllomanoa
1023 2702 1057 2757 ad
1067 2703 1204 2757 tibicinem

140 2782 559 2853 yiradavetelinfluinovidiua:
572 2783 651 2835 ePro·
693 2783 858 2848 immolataa,
891 2784 950 2837 haec
979 2785 1065 2837 Tullii
1096 2800 1204 2855 quoque

141 2862 271 2932 aperalux
282 2861 381 2922 oritur,
394 2862 493 2934 linguis
502 2862 650 2934 animisque
694 2863 774 2917 verba
794 2877 924 2917 testantur
942 2864 970 2916 in
988 2863 1098 2916 llullum
1115 2864 1204 2924 11,n.

142 2940 243 2995 farere:
262 2941 342 2994 Nune
361 2940 476 2995 dicenda
496 2943 569 2995 bono
589 2952 651 2995 aunt
696 2945 731 2996 lla
751 2961 759 2995 :
782 2944 890 2997 «Erant
914 2944 1008 2996 hoatiar
1023 2944 1153 3014 majores,
1176 2940 1204 2992 iu

141 3021 211 3075 bona
220 3021 302 3073 verba
310 3018 649 3075 die.·CicerodeDivinat.
693 3023 752 3076 foro
772 3023 940 3087 constituta,
961 3039 1051 3092 quae...
1069 3023 1203 3093 probatae.

142 3098 351 3170 11.Euripid.in
366 3100 449 3154 Ione:
461 3103 651 3172 tripar'allpa·
693 3101 728 3155 ad
750 3101 886 3154 tibicinem
902 3114 929 3154 et
944 3118 1093 3171 preconem
1108 3099 1205 3152 immo·

143 3198 185 3250 pai
199 3182 317 3251 φρουρεῖν
331 3181 534 3251 ἀγαθῶν,Φι’μας
544 3184 577 3242 ὣς
587 3183 652 3251 ἀγα·
694 3183 824 3235 labantur.
836 3207 847 3227 ι
864 3183 899 3234 Et
912 3181 939 3233 in
952 3180 1150 3234 consecratione
1162 3200 1204 3233 ao·

143 3257 184 3321 liae
197 3263 251 3322 τοῖς
262 3262 366 3313 tenenat
376 3259 496 3320 Γλύσσας
510 3256 575 3322 ἰδίας
589 3263 652 3313 ἀπο·
694 3262 773 3314 litum
784 3259 904 3314 adbiberi
916 3261 1069 3326 tibicinem,
1082 3259 1155 3313 idem
1166 3273 1205 3312 eat

144 3343 243 3406 paliati.
266 3339 358 3394 Attius
374 3339 402 3392 in
414 3341 567 3392 -OEnomao
579 3343 653 3410 apud
695 3354 803 3404 auctor,
823 3354 891 3394 orat.
907 3359 958 3411 pro
979 3343 1068 3393 Domo
1090 3359 1155 3402 aua,
1176 3359 1203 3392 u.

144 3418 281 3472 Nonium:
299 3419 371 3472 «Per
385 3421 497 3483 urbem,
516 3432 546 3471 ut
561 3436 652 3472 cumea
700 3420 763 3475 rai.
785 3421 864 3473 Sacra
886 3433 1054 3492 peragentem
1074 3436 1136 3472 uum
1157 3417 1204 3472 ad·

145 3499 189 3568 qni
199 3510 459 3570 arcanaaateumque
472 3499 596 3552 accolunt
608 3499 653 3552 Ci·
695 3512 781 3554 arante
799 3499 906 3552 tibicine
929 3500 996 3572 lupia
1013 3499 1142 3571 autiquae
1161 3516 1204 3551 ex·

145 3595 187 3631 aea
198 3617 207 3641 ,
243 3577 371 3631 omuibua
397 3579 487 3632 lauatio
514 3591 652 3650 augustam
696 3581 787 3642 bibet.
808 3577 880 3650 apud
901 3580 1012 3633 Gruter.
1033 3598 1095 3651 pag.
1121 3594 1204 3647 1007,

144 3656 288 3711 adhibeant
294 3658 463 3720 Faventiam,
474 3676 521 3712 ore
529 3660 652 3713 obacmna
696 3657 852 3730 nummique
865 3659 1026 3720 Domitiani,
1041 3659 1138 3730 quibua
1150 3659 1206 3710 beo

145 3733 213 3792 dicta
225 3749 392 3809 segregent.»
411 3738 515 3791 Danao.
593 3754 596 3758 ·
696 3737 799 3810 adjecta
815 3739 959 3811 epigraphe
978 3758 1032 3792 coa.
1047 3739 1124 3791 xm.
1141 3757 1205 3796 nvn,

187 3835 232 3871 ra.
248 3819 307 3888 Qui.
325 3820 365 3870 lta
382 3817 446 3870 libri
460 3836 561 3871 omnen.
581 3819 652 3871 Tur·
696 3837 767 3872 carc.
779 3838 803 3871 ι.
814 3817 1160 3872 cLudoaaaeculareafecit.·
1170 3818 1204 3869 ll.

148 3897 213 3949 nebo
233 3898 316 3969 magia
335 3898 421 3968 placet
435 3899 537 3964 screare,
555 3899 653 3952 Seneca
741 3904 785 3963 14.
802 3899 967 3952 Exaudiarur.
984 3899 1026 3950 Ab
1039 3917 1072 3950 eo
1085 3897 1134 3969 qui
1149 3915 1208 3967 pre-

148 3974 191 4031 tii.
203 3975 237 4030 de
251 3978 303 4031 rita
316 3978 407 4040 beata,
420 3996 445 4032 o.
466 3982 517 4032 26:
535 3977 654 4033 -Fatrte
697 3989 785 4036 catur,
802 3977 876 4050 quod
892 3981 948 4050 ejus
967 3989 1084 4030 mentem
1097 3989 1209 4048 occrtpet

1057 4446 1065 4453 .
1103 4398 1199 4447 κέ..
