2700 4800
577 258 589 289 P

387 373 554 445 ursan
586 375 778 442 xxvsu.
995 330 998 335 ⁵
1071 374 1119 460 aa

55 528 250 601 quamquam
269 503 343 572 illos
358 500 517 597 religione
543 517 671 573 tutatur
683 491 708 530 '³
728 520 762 574 et
779 492 989 592 Fascinus²⁴,
1011 508 1119 602 impe·

55 627 198 680 ratorum
219 634 370 704 quoque,
392 635 460 679 non
480 609 585 679 solum
604 610 779 680 infantium
802 625 931 698 custos,
947 613 1005 704 qui
1025 615 1120 682 Deus

54 719 137 787 inter
168 740 263 786 sacra
297 740 435 786 romana
472 741 493 784 a
521 715 712 787 Vestalibus
748 715 889 802 colitur,
931 731 966 786 et
1003 741 1122 787 currus

54 823 349 919 triumphantium,
378 807 470 891 sub²⁵
498 824 551 892 his
574 824 740 918 pendens,
762 823 910 893 defendit
939 808 1121 893 medicus²⁶

55 928 183 1000 invidiae
210 929 400 1024 :jubetque
427 929 561 998 eosdem
591 932 739 1026 recipere
751 922 775 969 ²⁷
812 929 927 999 similis
958 929 1123 1000 medicina

55 1141 182 1215 bpnere
191 1138 380 1212 predicatione
389 1140 417 1193 in
426 1140 501 1193 omni
511 1157 567 1194 rne-
610 1154 637 1196 et
652 1143 701 1205 11,
717 1161 743 1211 7.
758 1144 914 1196 Danan—
927 1143 973 1195 iit.
990 1142 1049 1196 linc
1070 1156 1125 1209 est,

56 1220 139 1277 dicina
152 1238 217 1274 mos
226 1232 278 1286 est,
292 1233 343 1274 etc.
352 1244 363 1266 ι
378 1220 470 1273 tisun.
610 1241 665 1285 non
680 1220 816 1275 nutricum
830 1220 912 1274 modo
925 1240 990 1276 cura
1002 1235 1124 1276 tutantur

93 1300 143 1355 23.
155 1300 284 1370 Religione
298 1311 412 1353 armatur.
423 1299 567 1353 Turnebus
610 1302 740 1363 infantes,
755 1299 802 1354 sed
816 1313 842 1354 et
856 1301 983 1366 fascinus,
994 1301 1124 1373 religione

56 1381 184 1453 fliptnm
196 1379 301 1433 invenit
313 1379 341 1432 in
355 1379 471 1451 antiquis
481 1397 569 1432 esem·
609 1400 671 1447 sua,
681 1382 759 1452 cujus
779 1381 881 1452 insigne
896 1381 1045 1434 amuletum
1065 1400 1119 1434 sus·

56 1460 188 1532 pleribus,
213 1460 329 1528 religione
345 1471 502 1512 mutuentur.
529 1461 568 1512 Ea
610 1480 722 1533 pensum
739 1461 838 1513 ecollo
849 1461 985 1531 gerebant.
993 1461 1046 1514 Alii
1056 1473 1082 1513 et
1090 1479 1124 1514 ex

56 1540 153 1613 syllaba
163 1540 277 1593 Veteres
288 1540 441 1604 utebantur,
455 1537 489 1592 ad
502 1539 569 1591 invi·
611 1540 710 1595 annulo
726 1539 921 1612 appendebant.
935 1542 1043 1594 Iconem
1062 1539 1124 1593 uide

57 1619 123 1684 tis,
144 1619 230 1683 mali,
249 1619 341 1672 fascini
366 1617 570 1691 depulsionem,
611 1619 683 1693 apud
697 1621 750 1672 Th.
763 1620 951 1673 bartholiuum
964 1619 982 1671 l.
994 1619 1029 1672 de
1043 1638 1121 1691 pner-

58 1697 214 1772 itemqnead
221 1696 408 1771 imperandum
417 1699 571 1751 etorninan·
612 1720 669 1772 per.
686 1712 749 1753 vett.
763 1719 825 1771 pag.
841 1705 903 1753 161.
919 1696 1009 1753 Hsan.

58 1777 119 1832 mm
130 1779 276 1833 silentium.
287 1778 420 1844 Lucilius,
432 1779 506 1832 ·Nec
516 1779 569 1830 lau·
655 1780 701 1833 25.
721 1778 780 1832 Sub.
795 1779 892 1831 Subter
907 1797 1015 1831 currum
1030 1776 1125 1831 triurn-

60 1858 118 1913 dare
127 1858 267 1913 h'orninern
278 1876 437 1930 quemquam
446 1897 453 1922 ‚
461 1876 511 1911 nec
522 1876 569 1910 mu
612 1859 752 1933 phantium
760 1856 1124 1930 appensus‚adrepellendam

59 1940 141 1994 fatue
151 1956 284 2008 unquam.
294 1963 305 1985 ι
321 1938 369 1990 Μιι
380 1939 479 2001 facere,
490 1937 571 1991 muti·
612 1937 750 1992 invidiam.
766 1937 853 1992 limo.

60 2017 255 2073 iwann-
263 2019 418 2090 Quanquam.
433 2017 570 2070 Nutricem
656 2023 701 2073 26.
725 2019 842 2071 Medicus.
866 2016 978 2070 Invidia
1003 2036 1125 2088 magnam

61 2097 571 2152 simuletinfantem.1nlibrishactenus
613 2119 668 2153 esse
678 2103 733 2152 rim
744 2097 779 2151 ad
792 2095 943 2150 nocendum
957 2097 1059 2169 antiqui
1073 2097 1127 2149 exi·

62 2176 150 2244 editis,
172 2197 310 2250 quanquam
331 2178 446 2247 religione
465 2189 572 2229 mutatur
614 2180 871 2248 stimabant:quurn
885 2195 942 2229 eam
958 2177 1000 2229 rel
1018 2177 1076 2247 ipso
1090 2177 1128 2229 af·

62 2257 241 2326 etsascinus.ln
253 2257 368 2329 antiquis
375 2257 572 2328 exemplaribus
615 2257 678 2312 flntu
693 2271 719 2311 et
742 2257 899 2328 contagione
922 2255 1086 2320 maleficam,
1100 2268 1127 2309 et

63 2338 152 2410 legisse
176 2356 205 2391 se
224 2337 370 2390 Turnebus
388 2337 441 2400 ait,
457 2337 573 2407 religione
615 2351 773 2391 venenatam
783 2336 1127 2406 esse,ethominibus,qui·

64 2430 186 2471 natatur.
211 2414 293 2468 Unde
314 2435 363 2469 nos
382 2416 573 2488 effingebamus
615 2418 741 2471 bustuale
752 2415 1129 2487 vellet,obessegraritercen·

64 2497 262 2566 olim‚religione
270 2516 322 2549 earn
333 2508 432 2554 tutatur,
444 2498 573 2549 infantem
615 2511 712 2551 serent.
723 2497 793 2549 Hinc
807 2496 946 2561 Horatius,
958 2496 1035 2569 epist.
1050 2497 1064 2548 1
1076 2501 1111 2557 ad
1118 2536 1127 2561 ‚

64 2577 198 2643 uidelicet,
213 2574 315 2647 dequo
328 2575 430 2629 dictum
445 2589 484 2629 est
498 2589 573 2628 antea
616 2597 684 2632 vers.
700 2576 735 2648 37
748 2575 844 2629 :.N0n
854 2576 913 2629 istic
927 2575 1128 2647 obliquooculo

64 2649 191 2729 proxime.
206 2652 259 2708 Sed
279 2656 307 2707 in
322 2656 416 2728 Repu
440 2654 519 2709 codd.
532 2654 573 2707 vi·
617 2677 674 2711 mea
698 2653 837 2709 commoda
865 2656 1004 2730 quisquam
1027 2656 1128 2719 Limat,

65 2735 161 2802 dimus,
177 2754 356 2807 cquamquam
369 2736 429 2788 illos
444 2736 574 2807 religione
616 2757 671 2791 non
686 2735 750 2790 odio
764 2737 878 2788 obscuro
891 2753 1035 2808 morsuque
1049 2753 1129 2788 rene·

65 2827 200 2871 mutuatur
212 2828 238 2869 et
254 2815 386 2868 fascinus:
408 2842 420 2862 ι
440 2833 499 2886 quas
514 2827 574 2866 sunt
618 2831 672 2871 nat.
684 2842 695 2862 ι
707 2814 813 2868 Idcirco
824 2814 859 2867 ad
870 2834 927 2869 eam
936 2812 1128 2888 repellendam,

65 2897 170 2961 sincere
182 2895 304 2948 lectionis
316 2893 387 2947 baud
400 2896 512 2948 obscura
528 2912 574 2946 re·
617 2896 651 2949 de
672 2896 741 2949 collo
760 2914 924 2968 puerorum,
939 2909 966 2949 et
988 2893 1022 2946 de
1034 2895 1130 2947 triurn-

64 2976 134 3049 stigia
144 3016 153 3044 ,
162 2993 244 3047 quarn
258 2988 485 3046 representamus.
499 2976 533 3028 lt.
617 2974 1131 3047 phantiurncurrususpendebnntamu·

101 3063 149 3122 ¹4·
165 3055 293 3108 Fuscinas.
306 3055 460 3120 Fascinunr,
474 3054 576 3126 puden·
618 3057 680 3108 leta.
693 3056 805 3107 Nullum
818 3054 863 3105 hic
877 3054 966 3105 locum
976 3053 1074 3105 babent
1084 3054 1131 3105 ob·

65 3135 126 3191 dnm
139 3135 233 3198 virile,
247 3133 322 3205 quod
335 3135 465 3187 fascinum
484 3133 576 3205 depel-
619 3154 702 3189 scenae
715 3135 937 3205 conjectationes,
953 3151 1018 3204 quas
1029 3130 1064 3185 ad
1082 3151 1128 3186 ex·

64 3216 125 3278 ,leret
137 3257 145 3280 ,
157 3215 229 3270 collo
245 3232 394 3285 appensum
421 3233 574 3286 puerorum.
619 3212 1131 3288 planandumhunclocurnexVarrone,

66 3296 150 3353 Varro
162 3314 169 3348 :
183 3322 195 3343 ι
205 3293 299 3347 Pueris
307 3294 441 3365 turpicula
450 3313 493 3346 res
506 3313 573 3365 quse·
620 3295 775 3358 Glossariis,
795 3293 924 3364 librisque
941 3293 1017 3358 aliis,
1036 3292 1132 3347 Critici

65 3373 123 3430 dam
136 3376 164 3428 in
176 3374 247 3429 collo
259 3372 449 3445 suspenditur,
460 3391 496 3425 ne
510 3371 576 3444 quid
618 3385 815 3445 congesserunt.
840 3375 930 3425 Haan.

65 3457 142 3520 obsit,
153 3455 232 3508 bona
242 3473 331 3508 scaevas
340 3472 443 3508 causan
454 3453 575 3508 Turneb.
660 3474 706 3524 ²7·
713 3453 832 3523 Iubetque
845 3452 936 3504 eosdem
943 3456 1064 3523 respicere.
1083 3452 1134 3503 Le-

65 3534 118 3601 tx,
132 3554 192 3604 cap.
217 3536 259 3587 28.
276 3533 488 3606 Appendebatur
510 3535 575 3587 olim
620 3552 667 3606 ge,
679 3535 825 3605 «jubetque
838 3531 967 3586 invidiam
983 3531 1128 3604 recipere.-

67 3614 288 3687 uiurnplrantium
325 3614 416 3666 currui
450 3613 577 3666 Fascinus
621 3611 916 3686 Appendebatnrenim
927 3613 1054 3665 Fascianus
1068 3609 1134 3664 deus

67 3692 147 3762 deus,
162 3695 234 3748 utin
248 3707 368 3747 auctores
378 3694 506 3746 fascinum
518 3694 579 3764 reji·
621 3707 651 3746 ut
665 3695 693 3746 in
709 3705 831 3747 auctores
843 3692 973 3746 fascinum
993 3693 1133 3763 rejiceret,

69 3789 152 3841 ceret,
166 3774 329 3845 eosdemque
345 3773 474 3825 fascinum
489 3786 515 3825 et
536 3775 577 3825 in·
622 3773 782 3844 eosdemque
805 3774 935 3826 fascinum
958 3784 985 3825 et
1005 3769 1134 3823 invidiam

71 3854 165 3908 vidiant
178 3856 299 3925 recipere
310 3852 496 3924 juberet.Vide
509 3854 579 3905 Rho·
622 3853 742 3924 recipere
756 3854 871 3924 juberet.
891 3851 958 3915 Vel,
983 3877 994 3899 ι
1006 3851 1134 3922 jubetque

72 3931 122 4006 dig.
135 3935 183 3989 lib.
195 3936 246 4000 IV,
260 3953 317 4006 cap.
334 3939 361 3986 n.
371 3934 442 3985 Vide
456 3931 579 4005 quodun·
624 3952 668 3986 eos
688 3931 768 3986 deum
784 3952 810 3985 se
823 3933 966 4004 respicere:
979 3957 989 3976 ι
1007 3930 1134 3983 nimirum

74 4027 183 4078 promtum
193 4028 319 4085 estsupra
332 4014 379 4067 lib.
395 4015 447 4071 IX.
461 4032 520 4084 cap.
532 4019 581 4080 49,
624 4015 767 4066 humanam
790 4031 862 4066 suam
886 4025 985 4065 sortem
1005 4009 1136 4080 cogitare,
