2700 4800
487 379 641 448 insen
666 379 857 449 xxvnr.
1160 401 1203 472 η

143 509 306 580 Tiberium
323 511 506 597 Cursorem,
526 512 748 581 tristissimum
790 524 828 579 ut
845 496 997 600 constat)
1011 508 1203 605 hominum,

141 618 171 685 in
187 614 343 687 vehiculo
361 618 509 711 exegisse
528 616 673 687 tradunt.
697 621 742 687 Et
761 615 770 640 ¹
803 615 904 709 aliqui
920 616 1055 685 nomine
1072 640 1204 710 quoque

140 721 367 806 consalutare,
382 723 567 818 religiosius
582 738 711 818 putant.
726 724 817 813 Quin
828 710 852 753 ¹⁴
868 737 904 791 et
918 722 1071 793 absentes
1084 723 1206 791 tinnitu

138 814 293 897 surium¹⁵
303 831 494 924 praesentire
501 855 670 900 sermones
677 831 720 899 de
734 854 784 913 se,
795 843 967 923 receptum
983 843 1041 898 est.
1052 812 1208 898 Attalus¹⁶

137 934 300 1023 affirmat,
327 938 504 1032 soorpione
537 938 629 1017 viso,
657 938 684 1007 si
713 938 786 1031 quis
809 936 899 1006 dicat
921 935 1006 1015 duo,
1035 934 1209 1020 cobiberi,

136 1144 652 1212 oonoionsntemdnoemsuilitesnreaut,
694 1146 831 1218 appellato
853 1145 963 1199 nomine
982 1146 1093 1218 proprio
1114 1161 1209 1200 consa·

135 1225 262 1296 quonism
277 1244 309 1279 eo
323 1225 452 1297 loquente
463 1224 573 1298 quidam
586 1240 652 1281 ster·
694 1226 790 1283 lutant.
803 1225 946 1279 Petronius
954 1226 983 1278 in
995 1228 1048 1279 Sat.
1060 1242 1118 1297 pag.
1132 1224 1206 1278 353:

136 1316 261 1359 sumt.
285 1305 417 1359 Matutine
442 1319 652 1360 sternutamenta
695 1306 798 1360 ·Giton
811 1305 1206 1376 edlectiorisspiritusplenus‚

137 1383 409 1438 tristiaetinfeliois:
425 1384 574 1439 meridiana
583 1404 651 1456 prse-
693 1397 735 1439 ter
760 1372 891 1439 continuo
915 1386 952 1438 ita
979 1385 1153 1442 sternutsvit‚
1177 1397 1207 1437 ut

136 1463 216 1534 eipue
230 1482 247 1517 a
262 1462 452 1528 uendentes,
468 1465 528 1519 latta
545 1477 571 1518 et
587 1484 651 1535 pro·
692 1467 831 1536 grabatum
858 1476 1013 1518 concuteret
1034 1482 1040 1517 :
1069 1462 1104 1516 sd
1125 1481 1206 1534 quem

137 1560 214 1614 spes-a
229 1555 401 1616 putaverunt.
418 1543 494 1598 Alex.
512 1546 555 1598 ab.
573 1545 649 1599 Alex.
693 1557 798 1598 motum
813 1544 962 1615 Eumolpus
979 1562 1137 1607 conversus,
1154 1543 1206 1596 sal·

137 1623 180 1686 11,
197 1639 258 1693 esp.
280 1627 326 1678 ²6.
342 1623 413 1678 Vide
433 1624 508 1695 quod
528 1636 651 1677 notatum
694 1643 757 1677 vere
778 1624 879 1678 Gitona
900 1625 983 1695 jubet.
999 1650 1011 1672 ι
1036 1624 1124 1677 Grseoi
1147 1642 1204 1676 non

136 1715 173 1755 est
193 1702 265 1756 inlra
283 1721 344 1774 cap.
365 1707 392 1758 6.
421 1704 580 1758 Plutus-ebus
601 1705 651 1759 lib.
692 1704 803 1757 nomine
820 1705 1037 1775 compellabant,
1051 1702 1097 1756 sed
1118 1703 1206 1758 verbis

135 1779 169 1835 de
178 1780 301 1835 Homero
311 1783 531 1836 sternutationem
546 1783 650 1837 felicem
693 1783 767 1847 eliis,
781 1797 808 1836 ut
818 1789 879 1848 Zeti,
890 1793 982 1849 σῶσον,
990 1784 1203 1854 Jupiter‚semto.

135 1873 161 1913 et
182 1861 272 1914 letam
296 1881 353 1916 esse
374 1861 465 1917 tradit.
491 1865 530 1916 Ea
552 1864 652 1918 scilicet
693 1863 827 1917 Ammian.
844 1864 872 1916 in
888 1866 997 1918 Antbol.
1011 1865 1106 1937 Epigr.
1121 1865 1164 1926 11,
1179 1882 1203 1917 o.

135 1958 214 1994 musa
231 1953 272 1994 est
288 1960 337 1995 eur
354 1954 532 1998 sternutantes
552 1944 650 1996 salute·
697 1944 731 1997 13
752 1963 759 1995 ε
780 1946 816 1996 ob
836 1939 943 1997 diisset
964 1951 996 2014 τῇ
1014 1947 1075 2016 χειρὶ
1098 1947 1204 2016 Πρόκλος

136 2038 205 2073 mus.
224 2019 297 2074 Vide
310 2023 371 2075 an.
386 2024 484 2076 Meam
501 2041 583 2094 super
601 2026 650 2076 As·-
693 2025 736 2076 rsit
757 2025 801 2093 ῥῖν’
821 2023 988 2096 direptionem,
1008 2030 1058 2086 tue
1076 2027 1136 2094 ῥινὸς
1156 2025 1204 2094 γὰρ

135 2100 257 2165 biti-um,
273 2101 320 2154 lib.
337 2103 379 2167 11,
394 2120 452 2173 eap.
473 2110 499 2167 4.
516 2104 594 2156 Scan.
610 2135 651 2146 —
692 2103 743 2171 [χιι
756 2104 871 2173 τὴνχίρα
885 2105 1035 2174 μικροτίρην.
1045 2101 1113 2158 otti
1124 2106 1202 2175 λίγα,

137 2178 191 2232 Car
201 2187 396 2234 sternutamentis
407 2183 562 2234 salutamur?
576 2182 649 2235 Mers.
692 2187 738 2234 Ζεῦ
753 2188 848 2247 σῶσον,
863 2182 905 2236 tas
919 2189 1017 2252 πταρῂ·
1029 2186 1055 2236 οὐ
1065 2185 1112 2254 γὰρ
1122 2185 1204 2238 asota

135 2258 218 2313 aad.
243 2273 271 2314 et
292 2260 365 2315 Gud.
386 2263 528 2314 salutamus.
546 2261 650 2333 Andeg.
693 2267 743 2322 'Pit
751 2264 826 2333 ῥινὸς,
839 2265 901 2316 eost
910 2262 957 2334 γὰρ
969 2268 1011 2324 τῆς
1022 2265 1095 2325 ἀκοῆς
1105 2264 1203 2331 deriget.

135 2342 547 2394 ωηεεηωωιηήωαὶιιταωω.Εκ
557 2340 651 2396 Chitfl.
695 2368 706 2390 ι
715 2341 875 2413 Murgentlo
893 2343 981 2396 Procli
995 2362 1090 2396 manus
1100 2356 1139 2396 est
1154 2360 1204 2394 nee

135 2418 273 2473 afferunt:
295 2421 369 2475 ·alia
380 2421 594 2475 sternutamentis
610 2439 649 2474 sa·
692 2420 788 2474 idonea
809 2440 892 2487 naso,
914 2421 988 2488 Quid
1007 2423 1125 2475 mirum?
1139 2440 1204 2476 naso

135 2496 264 2552 lutamus.
279 2524 290 2547 ι
304 2501 458 2574 Praecipuus
467 2513 557 2555 noster
568 2520 650 2554 mann
692 2520 755 2554 nem
775 2501 863 2554 minor
876 2502 932 2573 ipsa
949 2521 1054 2557 manns.
1075 2503 1131 2556 Nec
1153 2503 1204 2554 sibi

136 2579 247 2647 prima:
268 2605 280 2627 ι
295 2581 346 2633 alia
370 2581 529 2634 sternuentis
551 2581 649 2635 soluts·
692 2593 857 2644 sternutans,
870 2582 921 2647 sit,
935 2583 987 2646 sit,
1003 2583 1089 2636 bene:
1103 2583 1204 2655 quippe

135 2675 205 2711 nus.
214 2683 226 2706 υ
239 2659 376 2714 Posterior
386 2680 479 2714 manus
489 2660 602 2714 inducto
614 2669 650 2732 τῷ
692 2679 743 2713 nec
753 2659 827 2714 audit
838 2662 936 2714 Nasum
948 2662 995 2734 qui
1006 2676 1110 2717 tantum
1122 2661 1203 2716 distat

135 2738 188 2791 slsis
201 2740 375 2810 superposuit
393 2760 447 2803 cur,
463 2753 519 2794 tum
534 2742 650 2794 litteram
693 2740 726 2792 ab
742 2741 876 2794 auriculis.
889 2767 900 2788 ι
917 2743 1008 2796 Hsssu.

136 2816 167 2869 ll
177 2818 236 2871 soci
252 2819 389 2890 sequenti,
402 2821 476 2891 qussi
489 2821 651 2891 interjicien·
737 2826 781 2883 14.
807 2822 883 2890 Quin.
903 2821 1095 2886 Aristenetus,
1117 2820 1202 2891 Epist.

135 2892 281 2952 &minter-
296 2900 325 2948 V
336 2900 649 2963 etE‚utlieretstemu·
693 2900 738 2951 ll:
753 2898 1091 2972 obstupescentium,
1105 2901 1203 2953 istoru

135 2981 228 3030 nautis.
245 2977 299 3032 sed
318 2997 380 3032 vera
401 2978 480 3033 lectio
497 2993 555 3033 est:
578 3006 589 3027 ·
601 2999 650 3034 cnr
691 2978 758 3050 ptris
773 2977 885 3051 despuet
904 2982 1023 3053 lpsn'pm.
1049 3008 1060 3029 a
1071 2979 1133 3033 Non
1152 2980 1203 3032 tibi

135 3069 304 3111 sternuentes
312 3059 453 3113 salunmus
464 3085 475 3106 ι
489 3059 648 3126 i'Catullus‚
692 3059 840 3112 tinniebant
859 3078 950 3125 anses,
965 3078 1049 3131 quum
1063 3061 1102 3113 tui
1116 3060 1204 3132 lacry-

137 3134 644 3210 1d01tnmstemuitapprobationem.·
691 3156 767 3190 mans
778 3139 973 3192 meminissem?
986 3166 997 3187 ·
1010 3139 1149 3212 Virgilius,
1157 3151 1203 3194 sut

134 3215 269 3280 Ovidius,
295 3217 442 3272 «Sternuit
462 3232 488 3273 et
512 3219 611 3272 lumen.
632 3245 643 3267 ι
691 3218 812 3289 quisquis
832 3230 870 3271 est
887 3219 968 3281 nlius,
991 3220 1020 3272 in
1039 3220 1200 3274 Cstsleetis:

134 3295 419 3352 Garum-Cursum.
433 3299 477 3352 Sic
491 3299 568 3352 MSS.
580 3300 645 3370 Reg.
695 3323 706 3344 ι
715 3298 838 3355 Garrnla,
852 3297 918 3370 qnid
927 3300 1122 3354 totisresonans
1136 3300 1202 3353 mibi

134 3375 213 3429 Colb.
236 3377 288 3431 Cb.
306 3389 333 3431 et
351 3379 439 3432 Psrm.
460 3376 505 3432 ed.
525 3397 598 3443 non,
616 3390 647 3430 ut
690 3377 814 3431 noctibus
829 3379 916 3445 auris,
934 3379 1029 3433 Nescio
1040 3399 1120 3452 quem
1137 3379 1204 3432 diois

132 3455 261 3528 reliqua,
283 3458 424 3511 salutamur.
444 3460 517 3524 Quin
539 3469 566 3510 et
585 3471 647 3509 stes·-
691 3475 762 3510 nune
782 3458 933 3511 meminisse
958 3460 1029 3513 mei?
1042 3487 1054 3508 ι
1078 3460 1113 3512 Et
1133 3457 1202 3512 illud

133 3549 247 3601 mres,
261 3537 345 3609 magis
354 3536 493 3591 arrideret.
507 3537 579 3590 Vide
589 3538 648 3591 trt-
691 3538 771 3589 etiam
788 3535 964 3608 adjiciebant,
978 3540 1000 3593 si
1012 3540 1086 3593 auris
1098 3540 1203 3593 sinistra

133 3617 275 3682 stotelem,
288 3636 308 3670 s.
330 3616 380 3679 33,
396 3618 483 3689 probl.
500 3638 515 3687 7
530 3631 557 3670 et
572 3636 602 3685 9,
617 3637 646 3689 p.
691 3615 816 3681 tinniret,
832 3618 973 3672 inimicum
984 3621 1066 3673 nostri
1079 3632 1136 3671 tum
1150 3638 1203 3672 me·

135 3698 211 3765 8¹9,
231 3697 280 3749 nbi
297 3695 378 3750 docet
394 3716 444 3752 our
463 3716 535 3750 sacre
555 3716 598 3750 res
614 3698 648 3750 sit
692 3695 815 3760 minisse;
830 3698 960 3764 amicum,
973 3700 993 3751 si
1009 3699 1126 3753 dextera.
1140 3700 1175 3750 H.

132 3775 221 3828 babitu
246 3778 424 3830 sternutatio.'
437 3778 494 3830 Cur
517 3789 647 3829 sternuta-
736 3775 780 3829 1⁵.
798 3778 898 3830 Timitu
908 3782 1011 3832 aurium.
1026 3781 1059 3832 In
1071 3778 1203 3832 catalectis

135 3869 223 3909 menta
239 3856 387 3909 salutentur
408 3857 504 3910 Athen.
523 3857 560 3909 ΙΙ.
576 3855 647 3909 Vide
692 3867 768 3907 vetus
779 3870 869 3926 poeto,
883 3858 944 3911 vide
954 3878 1034 3930 supra
1043 3872 1070 3911 et
1079 3859 1203 3912 adnotata

133 3947 158 3988 et
172 3937 302 4009 Xenoph.
317 3939 396 4008 Κύρου
410 3934 483 3990 sert.
491 3938 542 3991 111.
554 3936 647 3989 llsnn.
693 3934 743 3987 ius.
758 3936 786 3989 in
798 3954 821 3989 e.
835 3941 852 3990 6
867 3940 1031 4008 proximum.
1045 3942 1123 3993 Sors..

177 4015 223 4070 ιδ,
253 4017 300 4070 Et.
327 4016 513 4081 sternuentes,
540 4017 646 4087 inquit,
736 4018 778 4068 sti.
791 4018 902 4072 Attalus.
915 4018 1020 4090 Nempe
1033 4019 1206 4073 Philometor.
