2700 4800
427 338 582 406 ommi
608 338 803 405 xxviii.
1107 333 1153 430 39

100 488 104 493 ·
133 465 431 535 vl1.Hominu1n¹
449 492 529 537 vero
541 469 573 536 in
585 470 699 564 primis
709 464 1018 562 jejunam'snlivam,
1035 480 1152 536 contra
1173 496 1184 530 ι

80 586 252 667 serpentes
269 573 423 667 praesidio
446 599 534 663 esse,
554 574 738 644 docuimus.
758 571 877 641 Sedet
898 569 982 641 alios
999 570 1153 644 efficaces

79 679 152 773 ejus
169 703 250 748 usus
267 695 487 774 recognoscat
501 678 599 751 vita².
616 681 820 775 Despuimus
839 663 1041 749 comitiales³
1058 704 1152 748 mor-

80 863 124 898 me
136 843 203 898 alibi
219 845 316 915 legere.
330 844 363 898 In
375 847 409 899 ll.
427 864 438 898 t
457 858 483 899 et
497 864 521 902 π,
537 866 592 899 non
679 845 707 898 3.
730 845 875 914 Despuimus
894 844 1027 896 comitiales
1047 843 1150 897 morbos.

80 922 594 992 eostam,sedlostiliamridimns·Quid
636 924 745 980 Plautus
762 925 792 977 in
813 923 951 994 Captivis:
964 923 1087 995 «Epio,
1106 923 1151 979 hio

79 1006 103 1058 ai
122 1000 225 1076 'scapula
243 1003 337 1076 legas?
358 1007 399 1058 De
412 1005 511 1076 Pyrrhi
524 1006 594 1077 regis
636 1003 720 1061 homo
730 1003 851 1058 rabiosus
865 1003 971 1056 inbitur
984 1015 1023 1056 est
1036 1003 1064 1055 in
1076 1003 1152 1056 Auli·

81 1084 196 1154 pollice‚
209 1082 272 1137 vide
284 1102 366 1154 sopra
377 1085 446 1149 VII,
461 1104 487 1138 a.
500 1086 594 1139 Hann.
636 1082 681 1137 de.
695 1085 737 1136 Ne
757 1097 787 1137 tu
799 1081 873 1155 quod
886 1082 1021 1136 fabulatur
1033 1083 1151 1137 inaures

119 1164 186 1216 v11.
204 1181 229 1217 1.
245 1163 387 1217 nomm.
407 1164 467 1217 Lib.
480 1165 552 1229 vn,
568 1184 593 1219 a.
636 1163 765 1216 immittas
783 1176 858 1227 tuas,
877 1162 946 1214 Nam
968 1162 1047 1216 isthic
1067 1163 1151 1218 hostis

81 1245 190 1315 Insigne
201 1243 278 1296 estin
289 1261 348 1295 eam
363 1262 419 1296 rem
428 1242 501 1316 qnod
515 1244 595 1297 habet
637 1243 830 1296 insectatorem
844 1239 918 1294 domi
934 1253 1046 1295 matrem
1064 1255 1090 1295 et
1103 1262 1150 1314 pa-

81 1325 208 1377 Albenns
221 1322 262 1376 Μ.
278 1320 437 1377 chnimal.
453 1323 502 1376 lib.
519 1324 592 1387 Vll,
637 1335 725 1385 trem,
739 1322 773 1375 Et
793 1321 849 1374 illic
869 1320 913 1377 isti
935 1320 981 1392 qui
1000 1322 1150 1393 insputatur

81 1416 156 1457 tract.
177 1422 209 1466 s,
229 1420 288 1474 onp.
302 1400 335 1466 5,
347 1419 409 1474 pag.
428 1405 502 1456 236:
519 1400 595 1456 .*sed
637 1401 764 1468 morbus,
778 1399 910 1454 interdum
922 1400 1026 1454 venit.-
1045 1403 1149 1455 Dium.

80 1483 114 1537 de
128 1480 311 1542 mirabilibus,
328 1482 437 1554 inquit,
460 1501 519 1553 quas
538 1483 595 1536 visa
636 1481 841 1551 -Despnlmuc
856 1478 1061 1545 Abominamur,
1072 1499 1086 1532 a
1099 1500 1149 1534 no·

81 1562 191 1617 suntin
212 1560 329 1627 talibus,
351 1574 391 1615 est
413 1581 497 1615 unum
520 1560 594 1634 quod
636 1559 679 1612 bis
692 1564 749 1632 ejus
760 1560 1008 1631 morhicoutagium
1024 1558 1150 1630 depreca-

80 1643 161 1696 relert
176 1641 348 1705 Aristoteles,
359 1641 386 1694 in
396 1641 467 1694 libro
480 1640 515 1694 de
524 1642 593 1712 regi·
636 1659 706 1693 mur.
720 1640 806 1693 Plaut.
828 1640 856 1692 in
873 1639 1007 1710 Captivis,
1021 1652 1071 1693 act.
1089 1642 1148 1702 111,

80 1723 151 1775 mine
162 1718 438 1793 dominorum,quem
449 1719 594 1793 scripsitad
636 1738 673 1773 sc.
687 1725 702 1783 4
713 1759 720 1785 ,
735 1737 802 1773 vers·
820 1736 853 1772 st
864 1736 871 1772 ε
881 1720 934 1772 «Et
945 1737 1008 1772 enm
1023 1720 1149 1774 morbum

80 1800 274 1855 Alexndrum:
284 1799 360 1872 quod
368 1798 490 1855 videlicet
504 1801 593 1873 puella
636 1798 705 1852 milii
716 1818 785 1863 esse,
794 1799 876 1870 utqui
885 1817 928 1851 me
937 1817 1006 1870 opus
1015 1798 1048 1851 sit
1058 1800 1149 1871 inspu-

81 1882 130 1934 fnit
143 1880 224 1934 missa
231 1879 393 1945 Alexandro,
400 1900 430 1934 ex
438 1883 514 1954 cujus
524 1900 594 1934 mor·
635 1880 724 1933 tarier.
737 1906 748 1926 »
770 1879 839 1950 Heg.
856 1905 867 1925 ι
879 1877 920 1930 Ne
931 1897 1038 1943 verere,
1052 1879 1149 1933 multos

81 1979 111 2014 sn
122 1961 309 2013 moriebantur
325 1960 459 2026 homines,
476 1962 544 2014 sicut
560 1980 592 2014 ex
635 1958 685 2012 iste
695 1958 933 2011 morbuahomines
941 1969 1072 2011 macerat:
1082 1958 1150 2024 Qui·

81 2059 171 2094 morsu
180 2038 343 2111 serpentium
356 2058 363 2092 ι
376 2051 404 2092 et
417 2040 514 2093 humor
532 2040 592 2093 ssli-
635 2039 686 2091 bus
695 2038 827 2108 insputari
842 2037 919 2090 saluti
929 2037 989 2092 suit.
998 2064 1009 2084 ι
1027 2038 1107 2108 Apul.
1119 2040 1148 2094 in

80 2121 142 2173 ralis
152 2121 182 2173 in
194 2122 253 2190 ipen
267 2119 320 2173 luit
328 2138 469 2173 venenum.
482 2120 517 2172 Et
530 2139 593 2190 pos·
635 2119 713 2188 Apol.
731 2144 742 2166 ι
751 2118 783 2169 In
794 2117 921 2170 cubiculo
930 2115 1098 2188 despuuntur
1106 2138 1149 2173 ca-

79 2201 191 2253 sibilitas
200 2200 282 2272 hujus
289 2199 420 2271 probatur
432 2219 464 2253 ex
475 2199 592 2272 eoquod
634 2197 698 2250 duci
719 2196 872 2250 comitiales.
887 2221 898 2242 υ
921 2195 1098 2267 Theophrast.
1119 2199 1148 2252 in

80 2281 172 2352 sagitta
182 2280 295 2333 intincta
309 2280 337 2331 in
358 2280 466 2333 salivam
476 2280 593 2333 hominis
635 2279 717 2331 Char.
734 2276 769 2331 de
782 2275 979 2348 superstitioso:
992 2277 1147 2348 Μαινὸμινόν

78 2362 160 2430 jejum
172 2359 343 2422 intoxicatum
354 2358 462 2429 quando
470 2360 593 2414 vulnerat
634 2378 662 2410 τι
671 2354 731 2410 illu
741 2358 757 2415 ἢ
768 2357 911 2419 imitarores,
921 2355 1003 2426 φρίξας
1016 2355 1049 2416 sle
1057 2359 1146 2411 κολπον

79 2440 168 2493 alium.
193 2441 229 2492 Et
253 2437 328 2510 quod
350 2439 496 2511 unicuique
512 2439 591 2493 salira
634 2439 739 2490 πτύσαι.
752 2437 916 2489 «Rabiosnm
932 2436 1038 2488 intuens
1048 2450 1093 2490 aut
1102 2456 1148 2490 co·

81 2520 188 2591 proprio
201 2531 241 2571 eat
257 2517 422 2571 medicamen
437 2532 533 2572 contra
548 2538 592 2572 ve-
635 2517 762 2569 mitialem
772 2555 780 2582 ,
790 2516 946 2569 horrescens
959 2516 987 2568 in
1003 2515 1092 2570 sinum
1103 2516 1149 2570 de·

77 2618 191 2660 uenum,
207 2612 233 2651 et
252 2599 328 2651 alteri
340 2618 392 2651 non
405 2611 444 2651 est
456 2599 591 2664 salutaris,
633 2597 836 2668 spuit.·Neque
843 2596 916 2650 hunc
923 2596 1046 2648 morbum
1054 2597 1148 2664 modo,

80 2691 127 2732 etc.
139 2705 152 2727 ι
173 2678 238 2732 Sola
257 2678 342 2749 jejuni
361 2679 477 2731 hominis
495 2679 591 2745 saliva,
634 2675 717 2730 sedet
732 2695 762 2729 ea
776 2695 835 2747 quae
850 2675 1092 2742 abominabantur,
1115 2698 1148 2731 ne

79 2759 178 2830 absque
192 2758 246 2811 nlla
262 2758 441 2811 incantatione
451 2797 459 2824 ,
470 2759 591 2829 scorpio·
633 2757 780 2822 evenirent,
786 2757 827 2808 vel
834 2756 921 2809 obiter
931 2754 1149 2828 auditmdespue·

80 2838 445 2908 neminteremptumscirese
457 2839 591 2891 aitAEtius
633 2836 709 2891 hant.
733 2836 862 2889 Plautio
881 2835 986 2890 Asinar.
1000 2849 1052 2888 act.
1068 2838 1096 2900 1,
1109 2855 1147 2891 sc.

80 2916 113 2971 de
130 2921 170 2971 tte
184 2916 306 2980 medica,
330 2917 374 2982 ll,
390 2936 452 2988 107,
466 2937 525 2989 pag.
541 2918 589 2972 65.
638 2936 667 2983 1,
680 2937 707 2971 v.
720 2916 773 2971 25:
787 2916 900 2987 -Neque
914 2912 1004 2967 hercle
1014 2933 1062 2984 ego
1077 2914 1147 2968 istud

81 2996 334 3051 llabdarrahmanus
358 2999 522 3068 AEgyptius,
546 2999 589 3051 in·
634 2995 716 3060 dico,
734 3014 821 3067 neque
843 2995 943 3048 dictum
966 2993 1040 3047 volo.
1056 2994 1148 3067 Teque

81 3090 196 3150 terprete
213 3078 389 3142 Ecchellensi,
400 3096 460 3148 cap.
480 3097 508 3144 1,
529 3098 589 3149 pag.
634 3078 748 3129 obsecro
770 3074 879 3138 hercle,
892 3086 941 3140 ut,
956 3091 1014 3143 quae
1027 3073 1148 3140 locutus,

85 3157 177 3211 1:.Si
196 3157 255 3229 quie
275 3159 382 3229 jejunus
394 3159 498 3227 exspuit
511 3176 592 3232 super
635 3154 766 3226 despuas,
785 3167 835 3206 etc.
852 3179 863 3200 ι
885 3154 983 3207 Seneca
997 3152 1024 3206 iu
1040 3153 1147 3210 Consol.

78 3238 265 3308 scorpionem,
278 3237 411 3290 interimit
423 3237 510 3291 illum.
522 3240 589 3291 Item
634 3234 668 3290 ad
678 3235 813 3291 Marciam,
824 3252 848 3285 c.
858 3252 890 3302 9:
903 3258 914 3279 ·
925 3232 992 3298 Quis
1002 3252 1058 3286 non
1070 3234 1092 3286 si
1101 3233 1147 3286 ad·

80 3330 189 3389 sputum
202 3317 287 3387 jejuni
300 3317 322 3371 si
335 3317 469 3369 morsibus
483 3336 590 3388 serpen·
635 3330 776 3368 mouentur
789 3326 818 3367 ut
832 3311 866 3366 de
880 3312 934 3365 suis
946 3313 1060 3384 cogitet,
1083 3326 1149 3367 tam·

71 3397 166 3462 tium,
199 3409 226 3450 et
247 3397 399 3450 tumoribus
420 3397 591 3467 applicatur,
635 3414 715 3467 quam
725 3395 813 3448 dirum
825 3393 1091 3463 nonrespuat,etin
1104 3413 1148 3448 ca.

80 3491 130 3531 eto.
142 3504 154 3524 ι
171 3475 262 3530 Hanc.
395 3538 398 3543 1
635 3477 689 3548 pita
702 3475 890 3537 inimicorum,
901 3487 946 3526 ant
959 3473 1042 3544 ipsius
1055 3472 1150 3527 intem·

123 3578 148 3611 a.
162 3557 214 3610 Sed
221 3570 246 3608 et
258 3555 333 3607 alios·
347 3591 353 3602 ·
367 3589 375 3603 ·
390 3560 591 3627 recognoscctvi·
635 3552 1010 3626 pestivimonitorisnbireilla
1018 3553 1145 3623 jubeat?-

81 3651 115 3691 τα.
129 3637 218 3702 Quam
235 3636 291 3689 vim
311 3636 398 3688 salivae
418 3637 539 3689 tribuunt
557 3634 591 3689 ad
637 3636 673 3687 H.
686 3665 725 3677 -
738 3634 883 3704 Despuimns
902 3634 1033 3685 comitiales
1047 3633 1150 3687 morbos.

80 3714 236 3769 elevandam
250 3716 372 3768 ulcerum
387 3716 592 3786 malignitatem,
637 3705 756 3783 Eritnluv
770 3715 807 3766 sic
826 3731 907 3784 posse
927 3712 1006 3764 vitari
1022 3707 1151 3772 (morbum

79 3797 152 3850 illius
162 3815 224 3849 sane
237 3796 315 3864 origo
331 3806 383 3862 est,
394 3795 467 3866 qnod
481 3794 549 3848 sodii
566 3808 593 3848 et
637 3795 680 3847 aio
694 3814 786 3845 sacrum
798 3806 824 3846 et
833 3795 945 3864 majorem
962 3792 1032 3844 Cels.
1046 3794 1152 3845 morbum

79 3876 226 3946 potentialis
239 3873 440 3948 hydrochlorati
451 3875 540 3929 salium
552 3877 594 3927 in·
637 3877 753 3926 sonticum
771 3873 840 3927 Geli.
853 3874 958 3924 morbum
977 3871 1092 3925 caducum
1104 3876 1155 3926 Pa·

79 3955 592 4027 est;atvisillaqnantulaest,siest!Ar.
638 3950 708 4029 ruo.)
724 3955 760 4008 ob
778 3951 806 4005 id
828 3954 897 4006 sorte
918 3950 1065 4018 creditum,
1082 3954 1158 4028 quod

963 4046 1010 4117 34
