2700 4800
448 352 605 420 Linea
630 356 812 423 xxvut.
928 440 933 447 ,
1144 378 1169 447 9

103 501 289 609 aoeeptum
306 486 386 556 ferri
412 499 568 603 oportere
589 488 775 556 conveniet.
796 483 861 554 Sed
885 482 1008 552 viritim
1034 485 1167 578 sapien-

103 592 219 662 tissimi
236 593 396 689 cujusque
420 591 547 685 respuit
567 591 659 662 fides
678 595 720 662 In
743 593 935 661 universum
956 613 1037 658 vero
1061 592 1170 659 omni

103 697 166 768 bus
180 699 274 769 horis
295 699 400 769 credit
421 698 506 785 vita,
529 723 591 767 nec
607 686 737 768 sentit⁴
756 699 890 793 Quippe
905 697 1055 765 victimas
1063 682 1169 765 ⁵caedi

146 880 172 938 4.
192 873 279 929 Credit
295 876 350 927 trite
371 892 414 925 trec
428 868 616 926 “itinerariis
659 873 723 926 tiam
735 874 981 943 allambensque
991 873 1039 938 stt,
1052 872 1170 925 efficere.

104 952 176 1024 rnlgi
184 955 278 1026 opinio
287 954 376 1007 valere
386 955 480 1015 ruba,
490 951 532 1004 vel
543 962 616 1005 certa
659 965 760 1006 veteres
774 954 856 1006 libros
876 971 968 1005 omnes
982 953 1086 1023 legere,
1102 978 1113 999 ι
1126 968 1171 1003 re·

103 1032 254 1104 cognitione
266 1045 294 1088 et
305 1050 396 1086 nram
409 1032 487 1085 sensa
506 1028 535 1083 id
552 1049 615 1103 per·
659 1033 723 1087 ferri
733 1031 800 1086 adeo
810 1033 862 1085 rite
873 1032 975 1085 consuli
984 1058 995 1078 ·
1008 1049 1015 1084 ε
1029 1031 1171 1084 restituen-

103 1129 209 1166 snesattt
222 1113 315 1167 babet.
328 1113 431 1165 Dante.
659 1110 726 1165 dum
752 1124 863 1177 sutem,
890 1137 902 1160 ι
919 1111 1019 1183 quippe
1049 1111 1170 1164 victimas

146 1192 172 1246 5.
200 1193 299 1262 Quippe
323 1194 448 1254 as'etirrrer,
469 1200 520 1243 etc.
543 1189 616 1260 Lego
661 1189 727 1245 ctedi
740 1194 795 1244 sine
808 1191 960 1263 precatione
975 1211 1030 1243 non
1043 1189 1167 1249 videtur,

102 1288 171 1343 ege:
190 1271 326 1343 «Quippe
336 1270 457 1324 victimas
474 1266 541 1320 eradi
559 1269 616 1322 sine
660 1270 753 1324 referri
772 1270 807 1324 sd
821 1269 900 1336 deos,
914 1269 966 1323 rite
979 1271 1090 1325 consuli.
1103 1296 1114 1317 ι
1133 1273 1171 1322 Ar

102 1352 257 1422 pmeone
267 1369 323 1409 uon
335 1348 459 1419 ridetur,
475 1347 570 1402 referri
582 1346 617 1401 ad
659 1349 711 1402 lrcc
724 1350 791 1403 mihi
805 1350 889 1403 multo
901 1349 1034 1403 molestius
1045 1348 1081 1403 ed
1093 1369 1170 1403 aures

42 1467 49 1475 ·
103 1432 190 1494 Deos,
205 1431 258 1485 rite
270 1430 382 1483 consuli.
395 1454 406 1475 ι
421 1428 478 1480 Ubi
486 1431 514 1481 ri
538 1444 617 1480 «non
660 1427 765 1483 eccidit
779 1426 861 1495 Quod
874 1430 1091 1483 illcomuibusin
1104 1442 1172 1484 vett.

103 1508 212 1563 ridetur
236 1510 358 1564 victimas
384 1506 452 1561 cedi
475 1507 532 1560 sine
556 1525 618 1578 pre-
661 1509 737 1562 libris
754 1528 809 1562 esse
822 1510 974 1571 ait,exstet
987 1511 1066 1563 etiam
1079 1509 1107 1562 in
1120 1512 1171 1563 no·

103 1589 230 1643 catione·
244 1608 253 1646 ι
267 1588 340 1643 idem
356 1599 411 1652 est,
428 1605 458 1639 ac
485 1605 561 1639 enon
579 1587 618 1638 ri·
661 1588 737 1653 stris,
758 1588 805 1642 sed
828 1589 1003 1659 sequioribus.
1026 1590 1171 1642 Vossianus

105 1666 199 1722 demus
216 1669 337 1722 victimas
355 1664 454 1720 cardi.»
479 1667 514 1718 Et
529 1667 618 1719 stetim
661 1667 874 1731 nibildetnutat,
889 1668 1026 1740 nisiquod
1037 1669 1173 1743 habetare

104 1748 256 1820 seqnitur:
287 1774 299 1796 ι
321 1747 451 1800 Preterea
479 1746 530 1798 alia
555 1757 619 1798 sunt
661 1748 718 1799 dees
739 1765 790 1820 pro
812 1767 854 1800 nee
873 1749 938 1801 deos.
962 1750 1057 1801 Utrum
1080 1762 1171 1802 autem

103 1828 187 1880 rerba
210 1825 357 1899 impeti-iti,
385 1826 430 1878 alii
455 1823 617 1895 depulsorii,
661 1827 819 1898 particulam
851 1827 983 1898 recipies,
1014 1829 1092 1900 plene
1121 1828 1172 1881 erit

104 1901 155 1961 alie
175 1904 423 1961 commendationis.
437 1930 449 1951 ι
470 1903 542 1957 Vide
563 1905 619 1958 Sal·
661 1902 812 1960 sententia:
838 1907 916 1960 «sine
934 1909 1085 1980 precatione
1106 1908 1172 1960 cardi

103 2005 208 2058 mesp.
221 1985 472 2040 585b.-Etsane
486 1985 513 2036 in
526 1984 618 2049 samis,
661 1986 782 2039 victimas
804 1978 906 2039 referre
921 1978 963 2057 (i.
986 1986 1111 2058 prodesse
1130 2006 1171 2041 sa·

103 2064 179 2137 apud
191 2067 326 2138 antiquos,
339 2063 487 2117 secerdotes
499 2063 618 2134 primum
661 2065 777 2129 crificia,
789 2066 831 2117 vel
843 2065 909 2118 credi
922 2068 1021 2120 utiliter
1034 2057 1173 2128 victimas)

104 2146 306 2217 precabantur:
323 2163 386 2197 mox
400 2144 512 2196 hostiam
532 2143 619 2208 mola,
662 2159 706 2198 aut
729 2144 793 2197 dens
817 2144 867 2196 rite
895 2147 998 2198 consuli
1019 2164 1073 2199 non
1097 2143 1171 2198 ride·

107 2227 190 2289 rino,
217 2238 310 2287 costo,
335 2224 414 2276 thure
444 2224 616 2277 mactabant:
661 2238 739 2278 tur».
754 2225 840 2289 Item,
857 2224 935 2277 «sine
951 2227 1104 2297 precatione
1116 2243 1173 2278 ιιοιι

105 2266 351 2367 deindelibabant,
365 2304 517 2374 esympulo
530 2302 617 2370 fictili,
660 2304 766 2357 ridetur
781 2304 881 2356 referre
903 2300 948 2366 (id
968 2317 1022 2369 est,
1041 2304 1138 2356 nihil'
1127 2321 1171 2375 Jn·

104 2384 148 2438 rel
162 2384 360 2456 lignenrinum
374 2394 518 2453 gustantes,
534 2381 618 2436 etad
660 2402 723 2436 rare
737 2396 859 2454 putatur,
874 2383 942 2437 nibil
955 2343 1078 2455 prodesse
1091 2384 1172 2454 vulgo

105 2464 236 2517 stantibus
256 2463 450 2534 propinantes·
468 2476 525 2515 tum
541 2461 618 2514 ricti-
660 2448 795 2530 creditur)
815 2461 881 2515 cedi
903 2465 1039 2528 victimas,
1059 2481 1110 2517 nec
1130 2463 1171 2516 ri·

104 2542 410 2607 mariisseucultrariis,
424 2542 514 2635 popis,
525 2541 618 2613 agoni·
661 2541 739 2595 detur
754 2540 881 2596 deotrite
899 2545 1031 2597 consuli·
1053 2544 1115 2608 Quo
1135 2542 1171 2595 sl·

104 2622 306 2686 bnsirnmolari,
314 2622 616 2675 etesooriaririctimcm
659 2623 766 2692 gnificat
778 2623 924 2676 necesmrio
937 2641 1028 2695 preces
1041 2622 1173 2676 adhiben-

103 2703 251 2774 jubebant,
268 2720 299 2754 ac
316 2713 427 2771 excepto
443 2701 539 2772 pateris
557 2719 618 2753 san-
660 2702 715 2756 des.
742 2699 823 2754 Unde
848 2715 960 2774 apparet
986 2703 1065 2756 etiam
1094 2722 1173 2755 error

105 2783 203 2853 guina,
220 2795 355 2833 mortuam
375 2780 533 2850 proscindi:
554 2781 618 2834 binc
660 2782 716 2834 Jac.
741 2780 885 2847 Gutberii,
909 2783 957 2836 lib.
982 2783 1023 2836 lv
1046 2781 1080 2834 de
1110 2785 1174 2854 jare

106 2874 166 2914 exte
187 2860 381 2932 inspiciebant,
402 2873 446 2922 et,
469 2859 490 2912 si
512 2859 617 2914 litatum
661 2860 738 2913 Pont.
750 2878 807 2932 cap.
826 2860 1173 2932 14,qui·rictimascardi

105 2942 214 3005 fuisset,
229 2951 318 3012 postea
338 2937 500 3003 reddebant,
517 2938 545 2991 id
564 2953 617 3006 est,
660 2940 1174 3011 sineprecationenonviderireierres,

105 3020 172 3080 diis,
191 3017 264 3092 qnod
279 3018 406 3084 debetur,
423 3019 550 3072 ministris
570 3019 618 3072 ad·
660 3021 841 3092 accipitquasi
855 3018 1173 3086 diceretur,nihilinter·
1245 3068 1250 3073 .

105 3100 237 3154 stantibus
244 3099 437 3170 partiebantur:
448 3113 618 3170 sepostremo
662 3119 733 3162 esse,
749 3117 840 3168 preces
852 3098 886 3151 ad
902 3101 1058 3154 sacrificium
1074 3100 1171 3154 funde·

106 3178 299 3250 epulabantur,
314 3196 394 3230 carne
409 3192 538 3249 perpetuo
553 3192 619 3231 tosta
661 3193 770 3242 rentur,
793 3197 902 3244 onnon3
925 3198 1011 3252 eoque
1030 3183 1059 3234 ri
1083 3183 1173 3248 referre

106 3259 149 3312 vel
163 3277 233 3322 essa,
246 3259 297 3310 nisi
310 3276 341 3310 ex
354 3258 453 3322 ariete,
466 3276 524 3329 que
537 3259 619 3310 elixa·
662 3257 739 3313 delet.
753 3260 820 3324 Quis
833 3273 871 3334 est
882 3261 928 3329 qni
943 3261 1102 3314 confiteatur
1114 3279 1174 3314 sese

105 3339 193 3391 batur.
205 3337 252 3396 llis
262 3337 479 3409 peractis,Graeci
486 3345 552 3389 λαῶν
564 3337 621 3408 ἄρα·
661 3338 808 3409 ignorasse,
830 3342 917 3407 refert,
937 3359 992 3393 esse
1015 3339 1171 3402 interdum,

107 3439 145 3471 σιν
167 3419 383 3471 denunciabant:
405 3417 517 3471 Romani
539 3436 619 3482 vere,
662 3419 767 3471 adrem
786 3420 914 3489 pertinet,
933 3423 1021 3490 juvat,
1037 3421 1101 3474 utile
1114 3421 1173 3472 est?

105 3499 165 3549 licet
181 3497 396 3568 proclamabant,
410 3516 457 3550 eos
476 3496 521 3567 qui
536 3495 619 3550 adsti-
662 3499 769 3550 Plautus
781 3499 888 3552 Curcul.
902 3501 958 3564 IV,
973 3501 1007 3553 3:
1023 3500 1114 3564 «Quid
1127 3517 1171 3552 re·

107 3589 206 3641 terant,
219 3575 390 3629 dimittentes.
405 3576 483 3628 Alex.
498 3577 531 3628 ab
543 3577 617 3630 Alex.
662 3577 713 3630 sert
732 3597 775 3630 me
797 3579 888 3631 fecisse
909 3581 1032 3650 regibus,
1054 3593 1084 3632 ut
1104 3579 1171 3632 milri

106 3658 160 3715 lv,
170 3674 226 3726 cap.
241 3675 284 3725 17.
298 3653 370 3707 Vide
379 3666 405 3706 et
415 3655 486 3725 qnod
498 3669 618 3710 notatum
663 3655 820 3723 obedirent,
830 3661 850 3711 si
861 3660 906 3710 hic
919 3679 963 3711 me
973 3658 1054 3712 hodie
1066 3661 1172 3712 umbre-

106 3749 146 3788 est
165 3753 190 3790 c.
202 3736 311 3799 XXIV,
327 3753 361 3803 9,
377 3747 403 3786 et
417 3736 553 3798 XXXIV,
572 3755 617 3789 ra.
662 3737 730 3789 tieus
746 3736 883 3791 deriserit?
896 3764 907 3784 ι
922 3738 1053 3811 Epidico,
1066 3739 1114 3791 lib.
1130 3740 1173 3802 Il,

106 3817 176 3869 Dan.
193 3846 233 3855 —
249 3816 345 3886 Quippe
358 3818 481 3879 victimas,
493 3829 543 3869 etc.
556 3816 619 3869 Huc
664 3836 743 3869 «nam
765 3816 831 3888 quid
847 3829 872 3869 te
888 3818 969 3888 igitur
981 3819 1071 3871 retulit
1088 3820 1171 3871 Bene·

104 3895 308 3965 corruptissima
330 3895 458 3949 exclamat
479 3896 619 3948 Salmasius
662 3895 753 3949 licium
775 3916 830 3950 esse
850 3899 985 3962 oratioue,
1011 3899 1032 3951 si
1054 3897 1088 3952 ad
1114 3916 1172 3951 rem

103 3975 139 4029 ad
154 3976 290 4041 solinum,
305 3995 364 4047 pag.
378 3976 504 4042 585,ncc
518 3987 619 4028 senten·
663 3976 791 4029 auxilium
812 3990 961 4031 emortuum
979 3979 1061 4033 estP·
1080 3979 1108 4032 ia
1122 3979 1174 4031 lroe
