2700 4800
412 384 571 455 LIBER
596 386 785 458 xxvltl.
1087 417 1128 462 nr

69 515 232 586 carmine:
252 515 548 611 Theophrastus²⁷‚
565 519 761 591 ischiadicos
783 509 929 591 sanari²'.
953 525 1038 593 Cato
1054 550 1132 619 pro·
1152 568 1167 620 7

66 621 146 691 didit
158 619 280 692 luxatis
294 622 454 692 membris
463 621 488 662 ²⁹
505 647 640 695 carmen
655 627 834 715 auxiliare,
848 629 895 697 Μ.
906 630 1017 699 Varro
1031 629 1133 726 poda·

63 848 199 900 ciaventt
272 843 381 917 ὒπαοιδῇ
400 844 428 901 ‹l'
448 839 518 919 αἷμ’
531 853 578 921 μί·
623 869 650 909 et
675 855 766 910 subter
796 856 919 928 repetis:
948 853 995 909 aed
1024 854 1135 910 detrabe

62 935 144 980 ²¹⁸⁸&
157 915 280 994 ΕΦΨ,
295 927 391 1000 inquit.
405 929 508 981 Daue·
622 953 772 1001 summam,
793 937 828 988 Et
848 935 931 1006 magis
951 948 1032 1008 atque
1051 936 1135 1008 magia
1215 1000 1218 1009 Ι

104 1024 152 1076 ²7·
171 1007 359 1077 Theophrastus.
376 1008 461 1061 Libro
479 1007 513 1061 de
530 1027 578 1062 en·
622 1014 711 1069 desint
734 1016 866 1069 elementa
887 1016 979 1087 figuris
1006 1015 1135 1087 Singula,
1214 1056 1217 1063 -

64 1086 576 1158 thfflumo·Dm0.-Tloe⁰pdmlus·
622 1113 682 1167 quae
708 1113 811 1167 semper
838 1096 944 1168 rapies,
979 1106 1006 1148 et
1030 1095 1135 1168 singula

63 1166 154 1237 Opere
169 1163 204 1218 de
224 1167 407 1238 Ινθουσιασμῷ,
423 1180 454 1220 ut
467 1166 578 1240 quidem
621 1174 696 1246 ligea,
703 1176 796 1228 Donec
807 1176 835 1229 in
849 1187 988 1246 angustum
999 1173 1135 1247 redigetur

62 1244 163 1300 docent
179 1245 277 1298 Athen.
291 1246 373 1312 nv,
386 1265 446 1318 pag.
463 1250 534 1314 624,
548 1262 575 1302 et
620 1254 709 1308 littera
727 1273 862 1309 conum.»
885 1255 983 1324 Figura
1005 1256 1134 1309 nimirum

64 1325 195 1397 Apollon·
217 1325 248 1377 in
267 1326 336 1379 ffiet·
357 1326 420 1380 Mir-
442 1344 502 1396 0⁸1>-
530 1333 576 1398 49·
621 1334 776 1406 hujusmodi
791 1333 948 1389 delineanda
962 1353 978 1387 a
991 1335 1133 1389 Samonice

61 1405 134 1457 Vide
144 1404 223 1457 etiam
239 1403 371 1469 Gellium,
387 1407 502 1470 IV,13‚
516 1426 576 1478 pag.
621 1415 792 1487 pmipimr:

64 1484 134 1549 3203
148 1483 311 1537 Martiauum
325 1485 476 1556 Capellam,
488 1487 537 1552 lx,
548 1507 577 1558 p.
775 1488 984 1537 stammana

65 1562 137 1628 213,
153 1563 204 1615 nbi
226 1563 310 1616 multa
325 1564 359 1618 de
376 1565 486 1618 Musica
500 1567 528 1619 ri
546 1585 578 1619 ac
786 1567 975 1614 ispumans

65 1641 152 1696 lande.
171 1644 236 1697 Cael.
255 1645 346 1697 Aureli
361 1645 394 1710 1,
416 1644 453 1707 ⁵,
472 1645 520 1697 nbi
541 1643 576 1699 de
793 1647 965 1694 ΑΒΡΑΣΑΔᾸΒ

66 1723 198 1795 Phrygio,
221 1723 325 1789 Dorio,
346 1724 504 1796 caeterisque
524 1743 577 1777 nu·
804 1727 958 1773 ΑΒΡΑΣΑΔΑ

65 1803 145 1856 meris
174 1820 205 1855 ac
237 1801 343 1868 modis,
370 1802 406 1856 nd
430 1802 577 1857 sanandum
755 1855 758 1861 ,
811 1800 946 1852 ΑΒΡΑΣΑΔ

65 1883 191 1935 morbum
204 1881 312 1935 insanin
324 1881 443 1935 utilibus.
454 1882 544 1937 Hann.
825 1885 946 1939 ᾸΒΡᾸΣΑ,
1015 1928 1018 1932 .

105 1964 150 2017 28.
178 1961 326 2014 Iscttaduos
353 1967 444 2015 sanari.
471 1955 577 2026 dsc'couc
835 1964 930 2010 ΑΒΡᾸΣ

63 2037 186 2094 iteratam
204 2042 225 2094 ai
244 2043 395 2099 καταυλήσοι
413 2063 452 2102 τις
473 2044 513 2097 isrl
533 2049 577 2096 τοῦ
841 2042 918 2088 ΑΒΡᾸ

63 2122 153 2187 πόνου,
182 2126 215 2185 τῇ
240 2126 342 2192 φρυγιςῇ
368 2123 491 2193 ἁρμονίᾳ,
521 2122 577 2175 sine
851 2122 909 2167 ΑΒΡ

63 2201 161 2253 morbo
179 2218 356 2271 permanere,
377 2203 399 2254 si
422 2201 481 2272 quia
494 2220 578 2274 quum
862 2202 900 2247 ΑΒ

65 2277 160 2333 dolore
172 2291 296 2346 vexatur,
311 2294 444 2334 concentu
460 2281 578 2352 Phrygio
867 2281 887 2327 Α

66 2358 157 2412 tibiam
172 2358 257 2413 inflet.
267 2361 363 2413 Athen,
376 2361 394 2414 l.
407 2361 498 2413 XIIII.
509 2362 577 2413 Dsn.

106 2457 153 2507 ²9·
167 2438 232 2490 Cato
241 2441 352 2508 prodidit
364 2441 454 2493 luxatis
468 2440 576 2493 membris

64 2538 158 2570 carmen
178 2520 307 2573 auxiliare.
333 2519 378 2572 Sic
399 2521 476 2574 Voss.
499 2533 530 2573 ut
553 2533 579 2574 et

64 2598 284 2652 Chiffinmdmri.
294 2600 403 2671 Optime
412 2600 486 2671 prius
495 2598 578 2655 Ovid.

64 2677 209 2731 Meavuz
230 2704 241 2726 ι
252 2679 326 2733 Neve
337 2697 432 2752 parum
449 2680 550 2732 valeant
562 2698 578 2732 a

65 2757 164 2811 sedata
172 2758 305 2829 gramina,
326 2777 432 2812 cannen
445 2759 580 2812 Auxiliare

621 2360 679 2412 Hoc
694 2357 807 2412 artificio
819 2355 957 2410 conditum
975 2357 1042 2412 illud
1056 2376 1133 2412 soca·

622 2440 717 2492 bulum
728 2451 782 2502 est,
796 2449 828 2489 ut
843 2437 963 2507 primum
981 2437 1089 2509 quidem
1102 2457 1133 2492 ex
1224 2464 1227 2472 ·

622 2519 718 2572 litteris
744 2517 920 2589 singularibus
950 2518 1057 2574 exsistat
1079 2518 1135 2573 hnc

622 2598 752 2660 sententia
763 2598 885 2669 gemina:
906 2624 917 2645 ι
929 2600 1000 2653 Deus
1011 2618 1095 2665 unua,
1107 2600 1134 2652 iu

622 2679 744 2748 personis
755 2679 853 2742 trinus,
862 2677 985 2731 homines
994 2680 1077 2732 salvat
1088 2697 1136 2751 per

623 2777 739 2812 crucem.
765 2759 861 2821 Pater,
889 2759 987 2817 Filius,
1021 2758 1136 2831 Spiritus

624 2840 736 2892 Sanetus
749 2839 881 2893 Dominus
895 2839 967 2892 Deus
979 2858 1048 2892 uuus
1062 2850 1108 2891 eat.
1121 2864 1132 2885 ·

663 2919 745 2972 AAb
850 2934 852 2941 ¹
904 2919 984 2971 Pater

662 2999 752 3052 BBen
823 3007 825 3010 ’
902 2997 987 3049 Filius

64 2839 142 2890 canit.
159 2863 172 2883 ·
200 2837 291 2892 Gnon.
311 2869 352 2882 --
372 2839 411 2891 Ut
428 2838 504 2893 MSS.
520 2858 579 2892 om·

64 2936 110 2970 nes
131 2918 196 2987 neg.
222 2917 342 2974 Colbert.
367 2917 485 2972 Chilflet.
508 2938 579 2986 nou,

66 3009 94 3049 ut
105 2995 189 3055 editi,
205 2998 329 3052 auxiliari.
344 2998 388 3052 sic
401 2998 481 3052 etiam
495 2999 577 3054 Ovid.

65 3076 130 3130 Met.
148 3077 221 3142 vn,
234 3096 261 3130 r.
279 3078 353 3148 137:
372 3079 466 3131 «Neve
481 3099 578 3151 parum

64 3156 170 3210 valeant
181 3176 196 3210 a
207 3177 234 3210 se
244 3156 306 3212 duta
316 3158 449 3230 gramina,
471 3177 578 3213 carmen

65 3236 203 3290 Auxiliare
214 3239 301 3304 canit,
315 3251 482 3310 secretasque
495 3238 578 3292 advo·

66 3329 108 3370 cat
118 3328 198 3372 artes.
210 3342 221 3363 ι
238 3317 280 3371 Sic
294 3320 372 3372 etium
391 3336 490 3371 nomeu
504 3320 578 3372 auxi·

64 3396 130 3450 liare
143 3414 159 3448 a
171 3398 207 3462 Q.
223 3397 323 3451 Sereno
341 3399 484 3452 Samonion
496 3397 579 3451 tradi·

66 3488 126 3541 tur,
142 3476 264 3542 medico,
286 3491 315 3530 ut
334 3477 465 3544 creduut,
488 3479 579 3532 Basili·

66 3554 165 3621 diano‚
187 3557 216 3609 in
234 3555 384 3611 remedium
408 3558 579 3623 hemitritaei,

66 3635 194 3704 scripturn
231 3637 322 3707 gracie
354 3636 577 3692 characteribus:

66 3728 105 3767 est
114 3715 186 3766 euim
207 3717 228 3770 C
249 3735 300 3787 pro
315 3717 486 3782 usitatum,
499 3719 579 3770 etiam

68 3793 95 3846 in
107 3797 224 3847 nummis
240 3796 369 3867 antiquis,
385 3816 400 3849 a
416 3799 581 3867 temporibus

67 3874 213 3927 Domitiani
229 3877 389 3943 praesertim„
402 3877 444 3929 Sic
458 3896 521 3948 ergo
535 3878 581 3929 Se·
609 3929 612 3933 ,

67 3956 172 4007 renus:
202 3981 213 4002 ι
230 3956 361 4009 Inscribes
385 3956 482 4010 chartae
508 3954 582 4027 quod

663 3079 685 3130 P
697 3079 808 3131 Rouach
820 3079 867 3132 ha·
902 3077 1018 3148 Spiritus
1025 3078 1137 3131 Sanctus

703 3156 821 3210 kodesch

664 3229 843 3310 ΑᾸνθρῶπους
898 3235 1019 3290 homines

665 3317 768 3380 Σσῶζιι
895 3315 978 3368 salvat

663 3399 761 3468 Λάγὶῳ
895 3414 945 3468 per
956 3413 1055 3449 sacram

664 3473 790 3548 Adisdpu
895 3476 1017 3529 arborem

662 3556 737 3610 Alb
892 3557 972 3609 Pater

663 3638 749 3690 BBen
888 3635 973 3689 Filius

665 3715 804 3769 Pllouseh
815 3714 862 3766 ha·
889 3714 1005 3786 Spiritus
1019 3715 1137 3768 Sanctus.

676 3835 680 3843 .
705 3794 823 3848 kodesch

667 3874 807 3928 AAdonui
868 3875 1002 3927 Dominus
1015 3876 1085 3927 Deus

928 3973 996 4008 uuus
1008 3966 1054 4007 est.

70 4030 168 4087 dicitur
185 4035 468 4091 nusciosum:
483 4035 584 4109 Supina
629 4037 675 4089 Est
686 4035 757 4088 enim
771 4037 840 4106 ἅγιον
853 4031 956 4103 δένδρον
968 4052 1040 4088 sacra
1051 4034 1140 4096 arbor,

955 4145 993 4198 2¹)
