<?xml version="1.0" encoding="UTF-8"?>
<!DOCTYPE html PUBLIC "-//W3C//DTD XHTML 1.0 Transitional//EN"
    "http://www.w3.org/TR/xhtml1/DTD/xhtml1-transitional.dtd">
<html xmlns="http://www.w3.org/1999/xhtml" xml:lang="en" lang="en">
 <head>
  <title>
</title>
<meta http-equiv="Content-Type" content="text/html;charset=utf-8" />
  <meta name='ocr-system' content='tesseract 3.04.00' />
  <meta name='ocr-capabilities' content='ocr_page ocr_carea ocr_par ocr_line ocrx_word'/>
</head>
<body>
  <div class='ocr_page' id='page_1' title='image "bibliothecaclas64lemagoog_0028.png"; bbox 0 0 2700 4800; ppageno 0'>
   <div class='ocr_carea' id='block_1_1' title="bbox 459 366 1181 439">
    <p class='ocr_par' dir='ltr' id='par_1_1' title="bbox 459 366 1181 439">
     <span class='ocr_line' id='line_1_1' title="bbox 459 366 1181 439; baseline 0.007 -6"><span class='ocrx_word' id='word_1_1' title='bbox 459 366 615 435; x_wconf 84' lang='lat' dir='ltr'>LIBER</span> <span class='ocrx_word' id='word_1_2' title='bbox 639 366 825 435; x_wconf 83' lang='lat' dir='ltr'><strong>XXVIII.</strong></span> <span class='ocrx_word' id='word_1_3' title='bbox 1134 368 1181 439; x_wconf 73' lang='lat'><strong>¹3</strong></span> 
     </span>
    </p>
   </div>
   <div class='ocr_carea' id='block_1_2' title="bbox 106 495 1208 1124">
    <p class='ocr_par' dir='ltr' id='par_1_2' title="bbox 106 495 1208 1124">
     <span class='ocr_line' id='line_1_2' title="bbox 107 495 1173 597; baseline -0.001 -27"><span class='ocrx_word' id='word_1_4' title='bbox 107 501 415 597; x_wconf 83' lang='lat' dir='ltr'><strong>precatio‚quausa</strong></span> <span class='ocrx_word' id='word_1_5' title='bbox 430 521 551 591; x_wconf 89' lang='lat' dir='ltr'><strong>aquam</strong></span> <span class='ocrx_word' id='word_1_6' title='bbox 565 497 600 565; x_wconf 90' lang='lat' dir='ltr'><strong>in</strong></span> <span class='ocrx_word' id='word_1_7' title='bbox 610 497 721 566; x_wconf 92' lang='lat' dir='ltr'><strong>cribro</strong></span> <span class='ocrx_word' id='word_1_8' title='bbox 736 495 827 579; x_wconf 89' lang='lat' dir='ltr'><strong>tulit,</strong></span> <span class='ocrx_word' id='word_1_9' title='bbox 842 499 1066 567; x_wconf 83' lang='lat' dir='ltr'><strong>annoUrbis&#39;¹</strong></span> <span class='ocrx_word' id='word_1_10' title='bbox 1077 524 1173 571; x_wconf 80' lang='lat' dir='ltr'><strong>num.</strong></span> 
     </span>
     <span class='ocr_line' id='line_1_3' title="bbox 107 603 1174 697; baseline -0.002 -19"><span class='ocrx_word' id='word_1_11' title='bbox 107 609 228 679; x_wconf 65' lang='lat' dir='ltr'><strong>mano</strong></span> <span class='ocrx_word' id='word_1_12' title='bbox 237 607 262 635; x_wconf 86' lang='lat'><strong>²¹</strong></span> <span class='ocrx_word' id='word_1_13' title='bbox 273 628 366 675; x_wconf 65' lang='lat' dir='ltr'><strong>uero</strong></span> <span class='ocrx_word' id='word_1_14' title='bbox 382 606 419 674; x_wconf 92' lang='lat' dir='ltr'><strong>in</strong></span> <span class='ocrx_word' id='word_1_15' title='bbox 433 603 509 673; x_wconf 82' lang='lat' dir='ltr'><strong>loro</strong></span> <span class='ocrx_word' id='word_1_16' title='bbox 524 605 681 674; x_wconf 83' lang='lat' dir='ltr'><strong>Graecum</strong></span> <span class='ocrx_word' id='word_1_17' title='bbox 697 605 916 697; x_wconf 80' lang='lat' dir='ltr'><strong>Grmcamque</strong></span> <span class='ocrx_word' id='word_1_18' title='bbox 931 603 1096 688; x_wconf 83' lang='lat' dir='ltr'><strong>defossos,</strong></span> <span class='ocrx_word' id='word_1_19' title='bbox 1117 622 1174 676; x_wconf 87' lang='lat' dir='ltr'><strong>aut</strong></span> 
     </span>
     <span class='ocr_line' id='line_1_4' title="bbox 106 701 1175 806; baseline 0.001 -25"><span class='ocrx_word' id='word_1_20' title='bbox 106 713 249 783; x_wconf 73' lang='lat' dir='ltr'><strong>alianum</strong></span> <span class='ocrx_word' id='word_1_21' title='bbox 265 713 434 806; x_wconf 83' lang='lat' dir='ltr'><strong>gentium,</strong></span> <span class='ocrx_word' id='word_1_22' title='bbox 448 734 524 779; x_wconf 90' lang='lat' dir='ltr'><strong>cum</strong></span> <span class='ocrx_word' id='word_1_23' title='bbox 542 709 663 803; x_wconf 88' lang='lat' dir='ltr'><strong>quibus</strong></span> <span class='ocrx_word' id='word_1_24' title='bbox 681 723 752 777; x_wconf 88' lang='lat' dir='ltr'><strong>tum</strong></span> <span class='ocrx_word' id='word_1_25' title='bbox 770 733 824 778; x_wconf 85' lang='lat' dir='ltr'><strong>res</strong></span> <span class='ocrx_word' id='word_1_26' title='bbox 843 724 948 796; x_wconf 87' lang='lat' dir='ltr'><strong>essct,</strong></span> <span class='ocrx_word' id='word_1_27' title='bbox 969 712 1068 780; x_wconf 85' lang='lat' dir='ltr'><strong>etiam</strong></span> <span class='ocrx_word' id='word_1_28' title='bbox 1080 701 1104 740; x_wconf 83' lang='lat'><strong>²³</strong></span> <span class='ocrx_word' id='word_1_29' title='bbox 1118 737 1175 782; x_wconf 80' lang='lat' dir='ltr'><strong>uo</strong></span> 
     </span>
     <span class='ocr_line' id='line_1_5' title="bbox 107 815 1208 912; baseline 0.001 -26"><span class='ocrx_word' id='word_1_30' title='bbox 107 834 179 890; x_wconf 82' lang='lat' dir='ltr'><strong>stra</strong></span> <span class='ocrx_word' id='word_1_31' title='bbox 192 832 271 888; x_wconf 82' lang='lat' dir='ltr'><strong>aetas</strong></span> <span class='ocrx_word' id='word_1_32' title='bbox 282 816 374 886; x_wconf 78' lang='lat' dir='ltr'><strong>vidit.</strong></span> <span class='ocrx_word' id='word_1_33' title='bbox 394 816 499 907; x_wconf 87' lang='lat' dir='ltr'><strong>Cujus</strong></span> <span class='ocrx_word' id='word_1_34' title='bbox 514 815 599 884; x_wconf 87' lang='lat' dir='ltr'><strong>sacri</strong></span> <span class='ocrx_word' id='word_1_35' title='bbox 616 816 860 908; x_wconf 84' lang='lat' dir='ltr'>precationem,</span> <span class='ocrx_word' id='word_1_36' title='bbox 878 839 943 909; x_wconf 87' lang='lat' dir='ltr'><strong>qua</strong></span> <span class='ocrx_word' id='word_1_37' title='bbox 957 815 1041 886; x_wconf 90' lang='lat' dir='ltr'><strong>solet</strong></span> <span class='ocrx_word' id='word_1_38' title='bbox 1056 819 1174 912; x_wconf 74' lang='lat' dir='ltr'><strong>praeire</strong></span> <span class='ocrx_word' id='word_1_39' title='bbox 1192 847 1208 905; x_wconf 61' lang='lat' dir='ltr'><strong>i</strong></span> 
     </span>
     <span class='ocr_line' id='line_1_6' title="bbox 107 914 1173 1016; baseline 0 -22"><span class='ocrx_word' id='word_1_40' title='bbox 107 923 419 1015; x_wconf 85' lang='lat' dir='ltr'><strong>Quindecimvirum</strong></span> <span class='ocrx_word' id='word_1_41' title='bbox 427 914 451 955; x_wconf 75' lang='lat'><strong>²⁴</strong></span> <span class='ocrx_word' id='word_1_42' title='bbox 461 919 591 1015; x_wconf 86' lang='lat' dir='ltr'><strong>collegii</strong></span> <span class='ocrx_word' id='word_1_43' title='bbox 604 922 772 1014; x_wconf 87' lang='lat' dir='ltr'><strong>magister,</strong></span> <span class='ocrx_word' id='word_1_44' title='bbox 782 923 808 989; x_wconf 90' lang='lat' dir='ltr'><strong>si</strong></span> <span class='ocrx_word' id='word_1_45' title='bbox 822 922 896 1015; x_wconf 88' lang='lat' dir='ltr'><strong>quis</strong></span> <span class='ocrx_word' id='word_1_46' title='bbox 908 920 1010 1016; x_wconf 83' lang='lat' dir='ltr'><strong>legat,</strong></span> <span class='ocrx_word' id='word_1_47' title='bbox 1022 923 1173 1014; x_wconf 83' lang='lat' dir='ltr'><strong>prolecto</strong></span> 
     </span>
     <span class='ocr_line' id='line_1_7' title="bbox 107 1027 1173 1124; baseline 0.003 -27"><span class='ocrx_word' id='word_1_48' title='bbox 107 1035 177 1100; x_wconf 81' lang='lat' dir='ltr'><strong>vim</strong></span> <span class='ocrx_word' id='word_1_49' title='bbox 192 1030 378 1099; x_wconf 84' lang='lat' dir='ltr'>carminum</span> <span class='ocrx_word' id='word_1_50' title='bbox 387 1028 541 1115; x_wconf 79' lang='lat' dir='ltr'><strong>fateatur,</strong></span> <span class='ocrx_word' id='word_1_51' title='bbox 551 1051 590 1096; x_wconf 86' lang='lat' dir='ltr'><strong>ca</strong></span> <span class='ocrx_word' id='word_1_52' title='bbox 602 1027 713 1096; x_wconf 89' lang='lat' dir='ltr'><strong>omnia</strong></span> <span class='ocrx_word' id='word_1_53' title='bbox 727 1027 988 1121; x_wconf 87' lang='lat' dir='ltr'><strong>approbantibus</strong></span> <span class='ocrx_word' id='word_1_54' title='bbox 1003 1031 1173 1124; x_wconf 83' lang='lat' dir='ltr'><strong>octingen-</strong></span> 
     </span>
    </p>
   </div>
   <div class='ocr_carea' id='block_1_3' title="bbox 101 1219 1255 4080">
    <p class='ocr_par' dir='ltr' id='par_1_3' title="bbox 101 1219 1255 2568">
     <span class='ocr_line' id='line_1_8' title="bbox 107 1219 1175 1295; baseline 0.001 -16"><span class='ocrx_word' id='word_1_55' title='bbox 107 1224 211 1279; x_wconf 85' lang='lat' dir='ltr'><strong>tnllian.</strong></span> <span class='ocrx_word' id='word_1_56' title='bbox 231 1224 261 1277; x_wconf 91' lang='lat' dir='ltr'><strong>in</strong></span> <span class='ocrx_word' id='word_1_57' title='bbox 273 1223 353 1295; x_wconf 66' lang='lat' dir='ltr'><strong>Apol.</strong></span> <span class='ocrx_word' id='word_1_58' title='bbox 373 1240 398 1276; x_wconf 92' lang='lat' dir='ltr'><strong>c.</strong></span> <span class='ocrx_word' id='word_1_59' title='bbox 420 1240 468 1277; x_wconf 80' lang='lat' dir='ltr'><strong>aa.</strong></span> <span class='ocrx_word' id='word_1_60' title='bbox 486 1223 533 1276; x_wconf 91' lang='lat' dir='ltr'><strong>Est</strong></span> <span class='ocrx_word' id='word_1_61' title='bbox 548 1219 620 1291; x_wconf 87' lang='lat' dir='ltr'><strong>apud</strong></span> <span class='ocrx_word' id='word_1_62' title='bbox 664 1221 702 1275; x_wconf 90' lang='lat' dir='ltr'><strong>tia</strong></span> <span class='ocrx_word' id='word_1_63' title='bbox 715 1239 777 1274; x_wconf 82' lang='lat' dir='ltr'><strong>vere</strong></span> <span class='ocrx_word' id='word_1_64' title='bbox 789 1221 916 1275; x_wconf 81' lang='lat' dir='ltr'><strong>affirmari</strong></span> <span class='ocrx_word' id='word_1_65' title='bbox 931 1223 1067 1295; x_wconf 87' lang='lat' dir='ltr'><strong>potuisset.</strong></span> <span class='ocrx_word' id='word_1_66' title='bbox 1082 1224 1175 1282; x_wconf 73' lang='lat' dir='ltr'><strong>nano.</strong></span> 
     </span>
     <span class='ocr_line' id='line_1_9' title="bbox 109 1301 1174 1375; baseline 0 -18"><span class='ocrx_word' id='word_1_67' title='bbox 109 1306 248 1367; x_wconf 86' lang='lat' dir='ltr'><strong>Patinum,</strong></span> <span class='ocrx_word' id='word_1_68' title='bbox 260 1322 320 1375; x_wconf 77' lang='lat' dir='ltr'><strong>pag.</strong></span> <span class='ocrx_word' id='word_1_69' title='bbox 333 1302 380 1374; x_wconf 79' lang='lat'><strong>75,</strong></span> <span class='ocrx_word' id='word_1_70' title='bbox 393 1321 422 1355; x_wconf 84' lang='lat' dir='ltr'><strong>n.</strong></span> <span class='ocrx_word' id='word_1_71' title='bbox 435 1303 461 1368; x_wconf 84' lang='lat'><strong>3,</strong></span> <span class='ocrx_word' id='word_1_72' title='bbox 475 1313 535 1374; x_wconf 86' lang='lat' dir='ltr'><strong>pust</strong></span> <span class='ocrx_word' id='word_1_73' title='bbox 547 1301 622 1354; x_wconf 87' lang='lat' dir='ltr'><strong>Ursi·</strong></span> <span class='ocrx_word' id='word_1_74' title='bbox 706 1320 752 1354; x_wconf 81' lang='lat' dir='ltr'><strong>aa.</strong></span> <span class='ocrx_word' id='word_1_75' title='bbox 766 1302 859 1354; x_wconf 81' lang='lat' dir='ltr'><strong>Boario</strong></span> <span class='ocrx_word' id='word_1_76' title='bbox 869 1306 895 1355; x_wconf 82' lang='lat' dir='ltr'><strong>in</strong></span> <span class='ocrx_word' id='word_1_77' title='bbox 903 1304 964 1369; x_wconf 79' lang='lat' dir='ltr'><strong>som</strong></span> <span class='ocrx_word' id='word_1_78' title='bbox 976 1302 1088 1356; x_wconf 70' lang='lat' dir='ltr'><strong>Graecam</strong></span> <span class='ocrx_word' id='word_1_79' title='bbox 1102 1304 1174 1359; x_wconf 85' lang='lat' dir='ltr'><strong>Groe·</strong></span> 
     </span>
     <span class='ocr_line' id='line_1_10' title="bbox 105 1380 1173 1453; baseline 0.001 -17"><span class='ocrx_word' id='word_1_80' title='bbox 105 1402 193 1448; x_wconf 84' lang='lat' dir='ltr'><strong>num,</strong></span> <span class='ocrx_word' id='word_1_81' title='bbox 207 1401 334 1436; x_wconf 91' lang='lat' dir='ltr'><strong>nummus</strong></span> <span class='ocrx_word' id='word_1_82' title='bbox 350 1394 505 1453; x_wconf 73' lang='lat' dir='ltr'><strong>argenteus,</strong></span> <span class='ocrx_word' id='word_1_83' title='bbox 522 1381 560 1434; x_wconf 85' lang='lat' dir='ltr'><strong>aie</strong></span> <span class='ocrx_word' id='word_1_84' title='bbox 579 1381 621 1432; x_wconf 91' lang='lat' dir='ltr'><strong>in·</strong></span> <span class='ocrx_word' id='word_1_85' title='bbox 663 1401 760 1453; x_wconf 82' lang='lat' dir='ltr'><strong>samque</strong></span> <span class='ocrx_word' id='word_1_86' title='bbox 778 1380 891 1447; x_wconf 82' lang='lat' dir='ltr'><strong>defossos.</strong></span> <span class='ocrx_word' id='word_1_87' title='bbox 912 1383 944 1433; x_wconf 91' lang='lat' dir='ltr'><strong>In</strong></span> <span class='ocrx_word' id='word_1_88' title='bbox 962 1395 1065 1436; x_wconf 85' lang='lat' dir='ltr'><strong>vetusto</strong></span> <span class='ocrx_word' id='word_1_89' title='bbox 1085 1403 1173 1437; x_wconf 85' lang='lat' dir='ltr'><strong>exem·</strong></span> 
     </span>
     <span class='ocr_line' id='line_1_11' title="bbox 106 1461 1174 1534; baseline 0.003 -20"><span class='ocrx_word' id='word_1_90' title='bbox 106 1463 224 1534; x_wconf 83' lang='lat' dir='ltr'><strong>scriptus</strong></span> <span class='ocrx_word' id='word_1_91' title='bbox 239 1479 246 1514; x_wconf 78' lang='lat' dir='ltr'><strong>t</strong></span> <span class='ocrx_word' id='word_1_92' title='bbox 263 1481 287 1515; x_wconf 88' lang='lat' dir='ltr'><strong>c.</strong></span> <span class='ocrx_word' id='word_1_93' title='bbox 309 1479 422 1515; x_wconf 75' lang='lat' dir='ltr'><strong>caonrvs</strong></span> <span class='ocrx_word' id='word_1_94' title='bbox 443 1479 468 1515; x_wconf 88' lang='lat' dir='ltr'><strong>u.</strong></span> <span class='ocrx_word' id='word_1_95' title='bbox 489 1480 513 1512; x_wconf 84' lang='lat' dir='ltr'><strong>r.</strong></span> <span class='ocrx_word' id='word_1_96' title='bbox 534 1461 621 1533; x_wconf 86' lang='lat' dir='ltr'><strong>Caput</strong></span> <span class='ocrx_word' id='word_1_97' title='bbox 663 1461 744 1531; x_wconf 86' lang='lat' dir='ltr'><strong>plari,</strong></span> <span class='ocrx_word' id='word_1_98' title='bbox 756 1461 1174 1518; x_wconf 79' lang='lat' dir='ltr'><strong>·BoarioveroinfomGroecum</strong></span> 
     </span>
     <span class='ocr_line' id='line_1_12' title="bbox 108 1539 1174 1605; baseline 0.002 -10"><span class='ocrx_word' id='word_1_99' title='bbox 108 1541 166 1595; x_wconf 74' lang='lat' dir='ltr'><strong>‹Ien</strong></span> <span class='ocrx_word' id='word_1_100' title='bbox 181 1543 282 1605; x_wconf 77' lang='lat' dir='ltr'><strong>Flore,</strong></span> <span class='ocrx_word' id='word_1_101' title='bbox 296 1541 414 1594; x_wconf 88' lang='lat' dir='ltr'><strong>cinctum</strong></span> <span class='ocrx_word' id='word_1_102' title='bbox 431 1540 562 1594; x_wconf 85' lang='lat' dir='ltr'><strong>floribus:</strong></span> <span class='ocrx_word' id='word_1_103' title='bbox 578 1558 621 1593; x_wconf 84' lang='lat' dir='ltr'><strong>ae·</strong></span> <span class='ocrx_word' id='word_1_104' title='bbox 664 1539 816 1594; x_wconf 77' lang='lat' dir='ltr'><strong>Grecamve</strong></span> <span class='ocrx_word' id='word_1_105' title='bbox 834 1539 935 1593; x_wconf 84' lang='lat' dir='ltr'><strong>defossa</strong></span> <span class='ocrx_word' id='word_1_106' title='bbox 948 1558 978 1593; x_wconf 85' lang='lat'><strong>·:</strong></span> <span class='ocrx_word' id='word_1_107' title='bbox 997 1542 1110 1596; x_wconf 85' lang='lat' dir='ltr'><strong>lectione</strong></span> <span class='ocrx_word' id='word_1_108' title='bbox 1123 1563 1174 1597; x_wconf 91' lang='lat' dir='ltr'><strong>no·</strong></span> 
     </span>
     <span class='ocr_line' id='line_1_13' title="bbox 108 1616 1174 1691; baseline 0.001 -16"><span class='ocrx_word' id='word_1_109' title='bbox 108 1635 169 1686; x_wconf 82' lang='lat' dir='ltr'><strong>tro,</strong></span> <span class='ocrx_word' id='word_1_110' title='bbox 182 1620 248 1683; x_wconf 78' lang='lat' dir='ltr'><strong>llos.</strong></span> <span class='ocrx_word' id='word_1_111' title='bbox 264 1620 307 1673; x_wconf 81' lang='lat' dir='ltr'><strong>vel</strong></span> <span class='ocrx_word' id='word_1_112' title='bbox 322 1638 438 1691; x_wconf 80' lang='lat' dir='ltr'><strong>papaver</strong></span> <span class='ocrx_word' id='word_1_113' title='bbox 450 1616 489 1682; x_wconf 81' lang='lat'><strong>¹)(&#39;</strong></span> <span class='ocrx_word' id='word_1_114' title='bbox 504 1620 620 1673; x_wconf 76' lang='lat' dir='ltr'><strong>Vestalis</strong></span> <span class='ocrx_word' id='word_1_115' title='bbox 663 1618 743 1672; x_wconf 84' lang='lat' dir='ltr'><strong>tanda</strong></span> <span class='ocrx_word' id='word_1_116' title='bbox 752 1636 802 1691; x_wconf 90' lang='lat' dir='ltr'><strong>pro</strong></span> <span class='ocrx_word' id='word_1_117' title='bbox 811 1619 1009 1674; x_wconf 76' lang='lat' dir='ltr'>Grammaticis:</span> <span class='ocrx_word' id='word_1_118' title='bbox 1023 1624 1067 1675; x_wconf 83' lang='lat'><strong>.1&gt;.</strong></span> <span class='ocrx_word' id='word_1_119' title='bbox 1079 1623 1174 1676; x_wconf 83' lang='lat' dir='ltr'><strong>Bnario</strong></span> 
     </span>
     <span class='ocr_line' id='line_1_14' title="bbox 108 1696 1174 1772; baseline 0.001 -18"><span class='ocrx_word' id='word_1_120' title='bbox 108 1702 195 1772; x_wconf 83' lang='lat' dir='ltr'><strong>eapite</strong></span> <span class='ocrx_word' id='word_1_121' title='bbox 206 1702 293 1753; x_wconf 85' lang='lat' dir='ltr'><strong>velato</strong></span> <span class='ocrx_word' id='word_1_122' title='bbox 306 1699 397 1765; x_wconf 90' lang='lat' dir='ltr'><strong>sedet,</strong></span> <span class='ocrx_word' id='word_1_123' title='bbox 409 1699 545 1753; x_wconf 85' lang='lat' dir='ltr'><strong>lucernam</strong></span> <span class='ocrx_word' id='word_1_124' title='bbox 558 1696 622 1752; x_wconf 84' lang='lat' dir='ltr'><strong>dex·</strong></span> <span class='ocrx_word' id='word_1_125' title='bbox 663 1717 729 1752; x_wconf 87' lang='lat' dir='ltr'><strong>vero</strong></span> <span class='ocrx_word' id='word_1_126' title='bbox 742 1699 770 1751; x_wconf 90' lang='lat' dir='ltr'><strong>in</strong></span> <span class='ocrx_word' id='word_1_127' title='bbox 784 1699 856 1756; x_wconf 82' lang='lat' dir='ltr'><strong>soro,</strong></span> <span class='ocrx_word' id='word_1_128' title='bbox 870 1713 918 1753; x_wconf 90' lang='lat' dir='ltr'><strong>etc.</strong></span> <span class='ocrx_word' id='word_1_129' title='bbox 930 1726 941 1746; x_wconf 75' lang='grc' dir='ltr'><strong>ι</strong></span> <span class='ocrx_word' id='word_1_130' title='bbox 959 1701 1063 1769; x_wconf 85' lang='lat' dir='ltr'><strong>Livius,</strong></span> <span class='ocrx_word' id='word_1_131' title='bbox 1075 1702 1123 1754; x_wconf 88' lang='lat' dir='ltr'><strong>lib·</strong></span> <span class='ocrx_word' id='word_1_132' title='bbox 1136 1704 1174 1767; x_wconf 84' lang='lat' dir='ltr'><strong>II,</strong></span> 
     </span>
     <span class='ocr_line' id='line_1_15' title="bbox 105 1776 1173 1853; baseline 0.002 -21"><span class='ocrx_word' id='word_1_133' title='bbox 105 1794 151 1833; x_wconf 82' lang='lat' dir='ltr'><strong>tra</strong></span> <span class='ocrx_word' id='word_1_134' title='bbox 175 1778 459 1850; x_wconf 72' lang='lat' dir='ltr'><strong>tenet..Epigrapbe:</strong></span> <span class='ocrx_word' id='word_1_135' title='bbox 487 1796 620 1831; x_wconf 72' lang='lat' dir='ltr'><strong>rursus.</strong></span> <span class='ocrx_word' id='word_1_136' title='bbox 663 1776 756 1831; x_wconf 88' lang='lat' dir='ltr'><strong>decad.</strong></span> <span class='ocrx_word' id='word_1_137' title='bbox 779 1779 805 1831; x_wconf 88' lang='grc'><strong>3.</strong></span> <span class='ocrx_word' id='word_1_138' title='bbox 832 1778 992 1832; x_wconf 74' lang='lat' dir='ltr'><strong>Plutarchus</strong></span> <span class='ocrx_word' id='word_1_139' title='bbox 1012 1782 1040 1833; x_wconf 88' lang='lat' dir='ltr'><strong>iu</strong></span> <span class='ocrx_word' id='word_1_140' title='bbox 1065 1782 1173 1853; x_wconf 86' lang='lat' dir='ltr'><strong>proble-</strong></span> 
     </span>
     <span class='ocr_line' id='line_1_16' title="bbox 109 1857 1174 1921; baseline 0.002 -8"><span class='ocrx_word' id='word_1_141' title='bbox 109 1861 244 1914; x_wconf 85' lang='lat' dir='ltr'><strong>Sententia</strong></span> <span class='ocrx_word' id='word_1_142' title='bbox 260 1871 315 1912; x_wconf 87' lang='lat' dir='ltr'><strong>est:</strong></span> <span class='ocrx_word' id='word_1_143' title='bbox 333 1859 408 1912; x_wconf 82' lang='lat' dir='ltr'><strong>Caius</strong></span> <span class='ocrx_word' id='word_1_144' title='bbox 425 1858 539 1921; x_wconf 76' lang='lat' dir='ltr'><strong>Clodius,</strong></span> <span class='ocrx_word' id='word_1_145' title='bbox 558 1857 619 1910; x_wconf 87' lang='lat' dir='ltr'><strong>Tri-</strong></span> <span class='ocrx_word' id='word_1_146' title='bbox 663 1858 1174 1920; x_wconf 85' lang='lat' dir='ltr'><strong>mate,CurBIetonensiisinterdictum</strong></span> 
     </span>
     <span class='ocr_line' id='line_1_17' title="bbox 108 1932 1174 2009; baseline 0.002 -17"><span class='ocrx_word' id='word_1_147' title='bbox 108 1942 198 1992; x_wconf 72' lang='lat' dir='ltr'><strong>liunus</strong></span> <span class='ocrx_word' id='word_1_148' title='bbox 219 1932 326 2009; x_wconf 89' lang='lat' dir='ltr'><strong>plebis,</strong></span> <span class='ocrx_word' id='word_1_149' title='bbox 356 1951 386 1991; x_wconf 92' lang='lat' dir='ltr'><strong>ut</strong></span> <span class='ocrx_word' id='word_1_150' title='bbox 414 1935 536 2000; x_wconf 84' lang='lat' dir='ltr'><strong>videtur,</strong></span> <span class='ocrx_word' id='word_1_151' title='bbox 566 1936 623 1990; x_wconf 77' lang='lat' dir='ltr'><strong>cati</strong></span> <span class='ocrx_word' id='word_1_152' title='bbox 664 1936 731 1990; x_wconf 87' lang='lat' dir='ltr'><strong>sita</strong></span> <span class='ocrx_word' id='word_1_153' title='bbox 755 1938 896 2003; x_wconf 88' lang='lat' dir='ltr'><strong>Ilomanis,</strong></span> <span class='ocrx_word' id='word_1_154' title='bbox 919 1958 953 1990; x_wconf 86' lang='lat' dir='ltr'><strong>ne</strong></span> <span class='ocrx_word' id='word_1_155' title='bbox 971 1939 1108 1994; x_wconf 86' lang='lat' dir='ltr'><strong>hominem</strong></span> <span class='ocrx_word' id='word_1_156' title='bbox 1123 1942 1174 1995; x_wconf 88' lang='lat' dir='ltr'><strong>im·</strong></span> 
     </span>
     <span class='ocr_line' id='line_1_18' title="bbox 101 2016 1173 2091; baseline 0.004 -20"><span class='ocrx_word' id='word_1_157' title='bbox 101 2018 189 2088; x_wconf 73' lang='lat' dir='ltr'><strong>silius,</strong></span> <span class='ocrx_word' id='word_1_158' title='bbox 205 2018 306 2091; x_wconf 85' lang='lat' dir='ltr'><strong>pariter</strong></span> <span class='ocrx_word' id='word_1_159' title='bbox 324 2016 439 2070; x_wconf 83' lang='lat' dir='ltr'><strong>Tribuni</strong></span> <span class='ocrx_word' id='word_1_160' title='bbox 459 2016 553 2087; x_wconf 89' lang='lat' dir='ltr'><strong>plebis.</strong></span> <span class='ocrx_word' id='word_1_161' title='bbox 573 2034 621 2069; x_wconf 76' lang='lat' dir='ltr'><strong>va·</strong></span> <span class='ocrx_word' id='word_1_162' title='bbox 663 2016 803 2070; x_wconf 83' lang='lat' dir='ltr'><strong>molarent.</strong></span> <span class='ocrx_word' id='word_1_163' title='bbox 817 2016 892 2070; x_wconf 89' lang='lat' dir='ltr'><strong>Idem</strong></span> <span class='ocrx_word' id='word_1_164' title='bbox 908 2018 935 2070; x_wconf 90' lang='lat' dir='ltr'><strong>in</strong></span> <span class='ocrx_word' id='word_1_165' title='bbox 952 2019 1088 2074; x_wconf 83' lang='lat' dir='ltr'><strong>Marcello.</strong></span> <span class='ocrx_word' id='word_1_166' title='bbox 1103 2019 1173 2075; x_wconf 83' lang='lat' dir='ltr'>Vide</span> 
     </span>
     <span class='ocr_line' id='line_1_19' title="bbox 109 2093 1173 2169; baseline 0.002 -19"><span class='ocrx_word' id='word_1_167' title='bbox 109 2117 204 2152; x_wconf 71' lang='lat' dir='ltr'><strong>manns</strong></span> <span class='ocrx_word' id='word_1_168' title='bbox 225 2099 323 2151; x_wconf 79' lang='lat' dir='ltr'><strong>inclusit</strong></span> <span class='ocrx_word' id='word_1_169' title='bbox 347 2096 458 2168; x_wconf 80' lang='lat' dir='ltr'><strong>Septstis.</strong></span> <span class='ocrx_word' id='word_1_170' title='bbox 481 2097 621 2149; x_wconf 71' lang='lat' dir='ltr'><strong>Percussus</strong></span> <span class='ocrx_word' id='word_1_171' title='bbox 664 2093 746 2148; x_wconf 90' lang='lat' dir='ltr'><strong>Brod.</strong></span> <span class='ocrx_word' id='word_1_172' title='bbox 761 2097 808 2148; x_wconf 90' lang='lat' dir='ltr'><strong>lib.</strong></span> <span class='ocrx_word' id='word_1_173' title='bbox 827 2098 863 2162; x_wconf 84' lang='lat' dir='ltr'><strong>V,</strong></span> <span class='ocrx_word' id='word_1_174' title='bbox 875 2116 933 2169; x_wconf 85' lang='lat' dir='ltr'><strong>cap.</strong></span> <span class='ocrx_word' id='word_1_175' title='bbox 953 2116 994 2151; x_wconf 85' lang='grc' dir='ltr'><strong>ιο.</strong></span> <span class='ocrx_word' id='word_1_176' title='bbox 1016 2101 1119 2153; x_wconf 78' lang='lat' dir='ltr'><strong>Danao.</strong></span> <span class='ocrx_word' id='word_1_177' title='bbox 1132 2131 1173 2143; x_wconf 94' lang='lat'>—</span> 
     </span>
     <span class='ocr_line' id='line_1_20' title="bbox 109 2173 1174 2248; baseline 0.006 -19"><span class='ocrx_word' id='word_1_178' title='bbox 109 2178 156 2232; x_wconf 83' lang='lat' dir='ltr'><strong>laic</strong></span> <span class='ocrx_word' id='word_1_179' title='bbox 179 2196 306 2231; x_wconf 84' lang='lat' dir='ltr'><strong>nummus</strong></span> <span class='ocrx_word' id='word_1_180' title='bbox 329 2189 369 2230; x_wconf 90' lang='lat' dir='ltr'><strong>est</strong></span> <span class='ocrx_word' id='word_1_181' title='bbox 390 2177 440 2230; x_wconf 87' lang='lat' dir='ltr'><strong>sub</strong></span> <span class='ocrx_word' id='word_1_182' title='bbox 466 2178 496 2228; x_wconf 90' lang='lat' dir='ltr'><strong>P.</strong></span> <span class='ocrx_word' id='word_1_183' title='bbox 524 2173 622 2228; x_wconf 87' lang='lat' dir='ltr'><strong>Clodio</strong></span> <span class='ocrx_word' id='word_1_184' title='bbox 664 2175 1174 2248; x_wconf 80' lang='lat' dir='ltr'><strong>Boario.FuitinUrhisregioneoctara,</strong></span> 
     </span>
     <span class='ocr_line' id='line_1_21' title="bbox 110 2253 1090 2326; baseline 0.001 -16"><span class='ocrx_word' id='word_1_185' title='bbox 110 2258 196 2312; x_wconf 76' lang='lat' dir='ltr'><strong>blanci</strong></span> <span class='ocrx_word' id='word_1_186' title='bbox 222 2257 279 2310; x_wconf 79' lang='lat' dir='ltr'><strong>filio</strong></span> <span class='ocrx_word' id='word_1_187' title='bbox 303 2256 426 2309; x_wconf 84' lang='lat' dir='ltr'><strong>Tribnno</strong></span> <span class='ocrx_word' id='word_1_188' title='bbox 446 2255 550 2326; x_wconf 86' lang='lat' dir='ltr'><strong>plebis,</strong></span> <span class='ocrx_word' id='word_1_189' title='bbox 575 2253 623 2325; x_wconf 89' lang='lat' dir='ltr'><strong>qui</strong></span> <span class='ocrx_word' id='word_1_190' title='bbox 664 2255 760 2326; x_wconf 87' lang='lat' dir='ltr'><strong>inqua</strong></span> <span class='ocrx_word' id='word_1_191' title='bbox 772 2268 798 2308; x_wconf 91' lang='lat' dir='ltr'><strong>et</strong></span> <span class='ocrx_word' id='word_1_192' title='bbox 812 2255 902 2308; x_wconf 86' lang='lat' dir='ltr'><strong>forum</strong></span> <span class='ocrx_word' id='word_1_193' title='bbox 917 2275 984 2308; x_wconf 85' lang='lat' dir='ltr'><strong>rom.</strong></span> <span class='ocrx_word' id='word_1_194' title='bbox 998 2257 1090 2311; x_wconf 82' lang='lat' dir='ltr'><strong>liano.</strong></span> 
     </span>
     <span class='ocr_line' id='line_1_22' title="bbox 108 2333 1255 2413; baseline 0.002 -23"><span class='ocrx_word' id='word_1_195' title='bbox 108 2337 267 2391; x_wconf 85' lang='lat' dir='ltr'><strong>memoriam</strong></span> <span class='ocrx_word' id='word_1_196' title='bbox 287 2335 327 2388; x_wconf 89' lang='lat' dir='ltr'><strong>rei</strong></span> <span class='ocrx_word' id='word_1_197' title='bbox 344 2348 422 2407; x_wconf 74' lang='lat' dir='ltr'><strong>geste</strong></span> <span class='ocrx_word' id='word_1_198' title='bbox 435 2335 469 2386; x_wconf 89' lang='lat' dir='ltr'><strong>ab</strong></span> <span class='ocrx_word' id='word_1_199' title='bbox 483 2353 537 2385; x_wconf 92' lang='lat' dir='ltr'><strong>uno</strong></span> <span class='ocrx_word' id='word_1_200' title='bbox 553 2333 622 2386; x_wconf 86' lang='lat' dir='ltr'><strong>cele·</strong></span> <span class='ocrx_word' id='word_1_201' title='bbox 706 2333 752 2386; x_wconf 76' lang='lat'><strong>23.</strong></span> <span class='ocrx_word' id='word_1_202' title='bbox 766 2335 860 2389; x_wconf 83' lang='lat' dir='ltr'><strong>Etiam.</strong></span> <span class='ocrx_word' id='word_1_203' title='bbox 874 2336 1045 2401; x_wconf 78' lang='lat' dir='ltr'><strong>Plutarchus,</strong></span> <span class='ocrx_word' id='word_1_204' title='bbox 1061 2339 1109 2410; x_wconf 89' lang='lat' dir='ltr'><strong>qui</strong></span> <span class='ocrx_word' id='word_1_205' title='bbox 1120 2358 1175 2392; x_wconf 88' lang='lat' dir='ltr'><strong>non</strong></span> <span class='ocrx_word' id='word_1_206' title='bbox 1252 2408 1255 2413; x_wconf 32' lang='grc' dir='ltr'>Ι</span> 
     </span>
     <span class='ocr_line' id='line_1_23' title="bbox 109 2413 1178 2487; baseline 0.003 -17"><span class='ocrx_word' id='word_1_207' title='bbox 109 2417 228 2471; x_wconf 80' lang='lat' dir='ltr'><strong>henrimo</strong></span> <span class='ocrx_word' id='word_1_208' title='bbox 245 2435 261 2468; x_wconf 93' lang='lat' dir='ltr'><strong>e</strong></span> <span class='ocrx_word' id='word_1_209' title='bbox 276 2416 422 2486; x_wconf 77' lang='lat' dir='ltr'><strong>majoribus</strong></span> <span class='ocrx_word' id='word_1_210' title='bbox 437 2413 506 2480; x_wconf 86' lang='lat' dir='ltr'><strong>suis,</strong></span> <span class='ocrx_word' id='word_1_211' title='bbox 526 2413 564 2466; x_wconf 85' lang='lat' dir='ltr'><strong>sie</strong></span> <span class='ocrx_word' id='word_1_212' title='bbox 578 2431 621 2465; x_wconf 91' lang='lat' dir='ltr'><strong>re·</strong></span> <span class='ocrx_word' id='word_1_213' title='bbox 665 2413 788 2466; x_wconf 70' lang='lat' dir='ltr'><strong>Graecum</strong></span> <span class='ocrx_word' id='word_1_214' title='bbox 801 2414 976 2487; x_wconf 75' lang='lat' dir='ltr'><strong>Graecumque</strong></span> <span class='ocrx_word' id='word_1_215' title='bbox 988 2416 1082 2481; x_wconf 86' lang='lat' dir='ltr'><strong>modo,</strong></span> <span class='ocrx_word' id='word_1_216' title='bbox 1094 2418 1141 2471; x_wconf 84' lang='lat' dir='ltr'><strong>sed</strong></span> <span class='ocrx_word' id='word_1_217' title='bbox 1150 2433 1178 2473; x_wconf 88' lang='lat' dir='ltr'><strong>et</strong></span> 
     </span>
     <span class='ocr_line' id='line_1_24' title="bbox 109 2492 1177 2568; baseline 0.003 -18"><span class='ocrx_word' id='word_1_218' title='bbox 109 2496 223 2550; x_wconf 74' lang='lat' dir='ltr'><strong>vocavit.</strong></span> <span class='ocrx_word' id='word_1_219' title='bbox 238 2496 330 2554; x_wconf 82' lang='lat' dir='ltr'><strong>Haan.</strong></span> <span class='ocrx_word' id='word_1_220' title='bbox 666 2492 773 2545; x_wconf 89' lang='lat' dir='ltr'><strong>Gallum</strong></span> <span class='ocrx_word' id='word_1_221' title='bbox 786 2493 866 2545; x_wconf 89' lang='lat' dir='ltr'><strong>simul</strong></span> <span class='ocrx_word' id='word_1_222' title='bbox 884 2495 1041 2568; x_wconf 78' lang='lat' dir='ltr'><strong>Gallumque</strong></span> <span class='ocrx_word' id='word_1_223' title='bbox 1058 2495 1177 2553; x_wconf 84' lang='lat' dir='ltr'><strong>defossos</strong></span> 
     </span>
    </p>

    <p class='ocr_par' dir='ltr' id='par_1_4' title="bbox 106 2571 1180 4080">
     <span class='ocr_line' id='line_1_25' title="bbox 151 2571 1178 2650; baseline 0.003 -21"><span class='ocrx_word' id='word_1_224' title='bbox 151 2595 197 2629; x_wconf 83' lang='lat' dir='ltr'><strong>aa.</strong></span> <span class='ocrx_word' id='word_1_225' title='bbox 206 2577 248 2650; x_wconf 71' lang='lat' dir='ltr'><strong>A.</strong></span> <span class='ocrx_word' id='word_1_226' title='bbox 263 2575 296 2628; x_wconf 74' lang='lat' dir='ltr'><strong>tl.</strong></span> <span class='ocrx_word' id='word_1_227' title='bbox 306 2574 410 2628; x_wconf 82' lang='lat' dir='ltr'><strong>DCIX.</strong></span> <span class='ocrx_word' id='word_1_228' title='bbox 424 2573 554 2627; x_wconf 84' lang='lat' dir='ltr'><strong>Constans</strong></span> <span class='ocrx_word' id='word_1_229' title='bbox 566 2571 622 2624; x_wconf 79' lang='lat' dir='ltr'><strong>base</strong></span> <span class='ocrx_word' id='word_1_230' title='bbox 664 2573 759 2637; x_wconf 80' lang='lat' dir='ltr'><strong>refert,</strong></span> <span class='ocrx_word' id='word_1_231' title='bbox 773 2571 802 2629; x_wconf 86' lang='lat' dir='ltr'><strong>id</strong></span> <span class='ocrx_word' id='word_1_232' title='bbox 813 2593 920 2647; x_wconf 88' lang='lat' dir='ltr'><strong>quoque</strong></span> <span class='ocrx_word' id='word_1_233' title='bbox 930 2575 1002 2629; x_wconf 88' lang='lat' dir='ltr'><strong>haud</strong></span> <span class='ocrx_word' id='word_1_234' title='bbox 1015 2577 1105 2631; x_wconf 87' lang='lat' dir='ltr'><strong>multis</strong></span> <span class='ocrx_word' id='word_1_235' title='bbox 1118 2591 1178 2632; x_wconf 88' lang='lat' dir='ltr'><strong>ante</strong></span> 
     </span>
     <span class='ocr_line' id='line_1_26' title="bbox 108 2649 1178 2724; baseline 0.002 -15"><span class='ocrx_word' id='word_1_236' title='bbox 108 2668 150 2709; x_wconf 79' lang='lat' dir='ltr'><strong>est</strong></span> <span class='ocrx_word' id='word_1_237' title='bbox 170 2656 302 2709; x_wconf 83' lang='lat' dir='ltr'><strong>librorum</strong></span> <span class='ocrx_word' id='word_1_238' title='bbox 323 2653 460 2714; x_wconf 89' lang='lat' dir='ltr'><strong>omnium,</strong></span> <span class='ocrx_word' id='word_1_239' title='bbox 475 2651 530 2704; x_wconf 83' lang='lat' dir='ltr'><strong>sive</strong></span> <span class='ocrx_word' id='word_1_240' title='bbox 547 2649 622 2704; x_wconf 80' lang='lat' dir='ltr'><strong>editt.</strong></span> <span class='ocrx_word' id='word_1_241' title='bbox 666 2670 693 2703; x_wconf 86' lang='lat' dir='ltr'><strong>se</strong></span> <span class='ocrx_word' id='word_1_242' title='bbox 712 2652 788 2704; x_wconf 86' lang='lat' dir='ltr'><strong>annia</strong></span> <span class='ocrx_word' id='word_1_243' title='bbox 809 2654 1018 2724; x_wconf 62' lang='lat' dir='ltr'><strong>contigissent,</strong></span> <span class='ocrx_word' id='word_1_244' title='bbox 1036 2659 1062 2709; x_wconf 76' lang='grc' dir='ltr'><strong>οὐ</strong></span> <span class='ocrx_word' id='word_1_245' title='bbox 1083 2662 1178 2720; x_wconf 74' lang='grc' dir='ltr'><strong>πολλοῖς</strong></span> 
     </span>
     <span class='ocr_line' id='line_1_27' title="bbox 110 2730 1180 2809; baseline 0.001 -21"><span class='ocrx_word' id='word_1_246' title='bbox 110 2736 166 2788; x_wconf 82' lang='lat' dir='ltr'><strong>sive</strong></span> <span class='ocrx_word' id='word_1_247' title='bbox 182 2735 260 2789; x_wconf 76' lang='lat' dir='ltr'><strong>uss.</strong></span> <span class='ocrx_word' id='word_1_248' title='bbox 279 2732 356 2786; x_wconf 84' lang='lat' dir='ltr'><strong>lectio</strong></span> <span class='ocrx_word' id='word_1_249' title='bbox 369 2750 376 2785; x_wconf 91' lang='lat'><strong>:</strong></span> <span class='ocrx_word' id='word_1_250' title='bbox 392 2732 489 2785; x_wconf 80' lang='lat' dir='ltr'><strong>frustra</strong></span> <span class='ocrx_word' id='word_1_251' title='bbox 504 2730 623 2783; x_wconf 86' lang='lat' dir='ltr'><strong>enitente</strong></span> <span class='ocrx_word' id='word_1_252' title='bbox 665 2731 744 2784; x_wconf 74' lang='lat' dir='ltr'><strong>lassis</strong></span> <span class='ocrx_word' id='word_1_253' title='bbox 755 2734 900 2804; x_wconf 75' lang='grc' dir='ltr'>Ιμπροσθιν,</span> <span class='ocrx_word' id='word_1_254' title='bbox 911 2735 939 2786; x_wconf 89' lang='lat' dir='ltr'><strong>in</strong></span> <span class='ocrx_word' id='word_1_255' title='bbox 950 2734 1051 2800; x_wconf 79' lang='lat' dir='ltr'><strong>Quaest.</strong></span> <span class='ocrx_word' id='word_1_256' title='bbox 1062 2737 1139 2790; x_wconf 84' lang='lat' dir='ltr'><strong>Rom.</strong></span> <span class='ocrx_word' id='word_1_257' title='bbox 1150 2756 1180 2809; x_wconf 88' lang='lat' dir='ltr'><strong>p.</strong></span> 
     </span>
     <span class='ocr_line' id='line_1_28' title="bbox 109 2810 1179 2888; baseline 0.005 -22"><span class='ocrx_word' id='word_1_258' title='bbox 109 2814 195 2868; x_wconf 85' lang='lat' dir='ltr'><strong>Panlo</strong></span> <span class='ocrx_word' id='word_1_259' title='bbox 213 2813 338 2877; x_wconf 80' lang='lat' dir='ltr'><strong>Merula,</strong></span> <span class='ocrx_word' id='word_1_260' title='bbox 359 2812 387 2865; x_wconf 90' lang='lat' dir='ltr'><strong>in</strong></span> <span class='ocrx_word' id='word_1_261' title='bbox 408 2810 542 2874; x_wconf 86' lang='lat' dir='ltr'><strong>Ennium,</strong></span> <span class='ocrx_word' id='word_1_262' title='bbox 561 2828 622 2881; x_wconf 78' lang='lat' dir='ltr'><strong>pag.</strong></span> <span class='ocrx_word' id='word_1_263' title='bbox 669 2810 746 2873; x_wconf 79' lang='lat'><strong>283,</strong></span> <span class='ocrx_word' id='word_1_264' title='bbox 772 2823 801 2864; x_wconf 88' lang='lat' dir='ltr'><strong>ut</strong></span> <span class='ocrx_word' id='word_1_265' title='bbox 823 2812 856 2865; x_wconf 89' lang='lat' dir='ltr'><strong>ad</strong></span> <span class='ocrx_word' id='word_1_266' title='bbox 880 2814 1035 2884; x_wconf 74' lang='lat' dir='ltr'><strong>Vespasiani</strong></span> <span class='ocrx_word' id='word_1_267' title='bbox 1059 2828 1179 2888; x_wconf 83' lang='lat' dir='ltr'><strong>tempora</strong></span> 
     </span>
     <span class='ocr_line' id='line_1_29' title="bbox 112 2889 1179 2964; baseline 0.002 -17"><span class='ocrx_word' id='word_1_268' title='bbox 112 2912 178 2964; x_wconf 85' lang='lat'>177,</span> <span class='ocrx_word' id='word_1_269' title='bbox 187 2912 287 2947; x_wconf 86' lang='lat' dir='ltr'><strong>annum</strong></span> <span class='ocrx_word' id='word_1_270' title='bbox 299 2892 334 2944; x_wconf 89' lang='lat' dir='ltr'><strong>U.</strong></span> <span class='ocrx_word' id='word_1_271' title='bbox 344 2892 437 2944; x_wconf 84' lang='lat' dir='ltr'><strong>DXIX</strong></span> <span class='ocrx_word' id='word_1_272' title='bbox 448 2890 624 2953; x_wconf 82' lang='lat' dir='ltr'><strong>substituere,</strong></span> <span class='ocrx_word' id='word_1_273' title='bbox 666 2889 836 2944; x_wconf 83' lang='lat' dir='ltr'><strong>referendum</strong></span> <span class='ocrx_word' id='word_1_274' title='bbox 851 2890 879 2943; x_wconf 90' lang='lat' dir='ltr'><strong>id</strong></span> <span class='ocrx_word' id='word_1_275' title='bbox 895 2892 1035 2958; x_wconf 79' lang='lat' dir='ltr'><strong>rideatur,</strong></span> <span class='ocrx_word' id='word_1_276' title='bbox 1048 2894 1089 2946; x_wconf 86' lang='lat' dir='ltr'><strong>vel</strong></span> <span class='ocrx_word' id='word_1_277' title='bbox 1106 2907 1179 2950; x_wconf 88' lang='lat' dir='ltr'><strong>certe</strong></span> 
     </span>
     <span class='ocr_line' id='line_1_30' title="bbox 109 2969 1179 3044; baseline 0.003 -18"><span class='ocrx_word' id='word_1_278' title='bbox 109 2993 143 3026; x_wconf 85' lang='lat' dir='ltr'><strong>ex</strong></span> <span class='ocrx_word' id='word_1_279' title='bbox 152 2973 270 3044; x_wconf 82' lang='lat' dir='ltr'><strong>epitome</strong></span> <span class='ocrx_word' id='word_1_280' title='bbox 285 2971 411 3036; x_wconf 79' lang='lat' dir='ltr'><strong>Liviana,</strong></span> <span class='ocrx_word' id='word_1_281' title='bbox 424 2971 474 3023; x_wconf 89' lang='lat' dir='ltr'><strong>lib.</strong></span> <span class='ocrx_word' id='word_1_282' title='bbox 490 2971 562 3034; x_wconf 88' lang='lat' dir='ltr'><strong>XX,</strong></span> <span class='ocrx_word' id='word_1_283' title='bbox 576 2969 624 3021; x_wconf 90' lang='lat' dir='ltr'><strong>ubi</strong></span> <span class='ocrx_word' id='word_1_284' title='bbox 667 2969 789 3023; x_wconf 89' lang='lat' dir='ltr'><strong>Neronis.</strong></span> <span class='ocrx_word' id='word_1_285' title='bbox 798 2970 885 3023; x_wconf 85' lang='lat' dir='ltr'><strong>Sedet</strong></span> <span class='ocrx_word' id='word_1_286' title='bbox 894 2972 962 3024; x_wconf 89' lang='lat' dir='ltr'><strong>illud</strong></span> <span class='ocrx_word' id='word_1_287' title='bbox 971 2972 1045 3043; x_wconf 90' lang='lat' dir='ltr'><strong>prius</strong></span> <span class='ocrx_word' id='word_1_288' title='bbox 1055 2974 1179 3030; x_wconf 83' lang='lat' dir='ltr'><strong>accidisse</strong></span> 
     </span>
     <span class='ocr_line' id='line_1_31' title="bbox 109 3048 1143 3124; baseline 0.004 -20"><span class='ocrx_word' id='word_1_289' title='bbox 109 3054 149 3106; x_wconf 87' lang='lat' dir='ltr'><strong>sic</strong></span> <span class='ocrx_word' id='word_1_290' title='bbox 165 3052 281 3124; x_wconf 81' lang='lat' dir='ltr'><strong>legitur:</strong></span> <span class='ocrx_word' id='word_1_291' title='bbox 297 3052 393 3104; x_wconf 75' lang='lat' dir='ltr'><strong>«Tutia</strong></span> <span class='ocrx_word' id='word_1_292' title='bbox 407 3051 493 3120; x_wconf 85' lang='lat' dir='ltr'><strong>Virgo</strong></span> <span class='ocrx_word' id='word_1_293' title='bbox 510 3048 624 3102; x_wconf 80' lang='lat' dir='ltr'><strong>Vestalis</strong></span> <span class='ocrx_word' id='word_1_294' title='bbox 666 3050 758 3102; x_wconf 85' lang='lat' dir='ltr'><strong>Livius</strong></span> <span class='ocrx_word' id='word_1_295' title='bbox 771 3062 861 3102; x_wconf 83' lang='lat' dir='ltr'><strong>narrat</strong></span> <span class='ocrx_word' id='word_1_296' title='bbox 872 3052 969 3115; x_wconf 86' lang='lat' dir='ltr'><strong>XXII,</strong></span> <span class='ocrx_word' id='word_1_297' title='bbox 984 3071 1012 3121; x_wconf 91' lang='lat' dir='ltr'><strong>p.</strong></span> <span class='ocrx_word' id='word_1_298' title='bbox 1028 3055 1093 3106; x_wconf 71' lang='lat' dir='ltr'><strong>aab.</strong></span> <span class='ocrx_word' id='word_1_299' title='bbox 1108 3055 1143 3109; x_wconf 88' lang='grc' dir='ltr'><strong>Η.</strong></span> 
     </span>
     <span class='ocr_line' id='line_1_32' title="bbox 108 3128 1178 3201; baseline -0.005 -15"><span class='ocrx_word' id='word_1_300' title='bbox 108 3135 225 3186; x_wconf 87' lang='lat' dir='ltr'><strong>incestus</strong></span> <span class='ocrx_word' id='word_1_301' title='bbox 238 3131 362 3185; x_wconf 86' lang='lat' dir='ltr'><strong>damnata</strong></span> <span class='ocrx_word' id='word_1_302' title='bbox 375 3143 422 3184; x_wconf 88' lang='lat' dir='ltr'><strong>est.</strong></span> <span class='ocrx_word' id='word_1_303' title='bbox 439 3130 544 3183; x_wconf 89' lang='lat' dir='ltr'><strong>Bellum</strong></span> <span class='ocrx_word' id='word_1_304' title='bbox 558 3128 624 3201; x_wconf 82' lang='lat' dir='ltr'><strong>Illy·</strong></span> <span class='ocrx_word' id='word_1_305' title='bbox 711 3135 756 3191; x_wconf 68' lang='grc' dir='ltr'><strong>πά.</strong></span> <span class='ocrx_word' id='word_1_306' title='bbox 778 3129 1004 3198; x_wconf 76' lang='lat' dir='ltr'><strong>Quindecimvirnm.</strong></span> <span class='ocrx_word' id='word_1_307' title='bbox 1026 3131 1110 3187; x_wconf 70' lang='grc' dir='ltr'><strong>Εηῃι</strong></span> <span class='ocrx_word' id='word_1_308' title='bbox 1128 3134 1178 3189; x_wconf 64' lang='lat' dir='ltr'><strong>sris</strong></span> 
     </span>
     <span class='ocr_line' id='line_1_33' title="bbox 108 3207 1180 3285; baseline 0.004 -20"><span class='ocrx_word' id='word_1_309' title='bbox 108 3214 175 3277; x_wconf 84' lang='lat' dir='ltr'><strong>aiis,</strong></span> <span class='ocrx_word' id='word_1_310' title='bbox 188 3225 238 3265; x_wconf 87' lang='lat' dir='ltr'><strong>etc.</strong></span> <span class='ocrx_word' id='word_1_311' title='bbox 248 3238 259 3259; x_wconf 75' lang='grc' dir='ltr'>ι</span> <span class='ocrx_word' id='word_1_312' title='bbox 277 3211 386 3265; x_wconf 86' lang='lat' dir='ltr'><strong>Gestum</strong></span> <span class='ocrx_word' id='word_1_313' title='bbox 398 3209 470 3263; x_wconf 89' lang='lat' dir='ltr'><strong>enim</strong></span> <span class='ocrx_word' id='word_1_314' title='bbox 481 3207 509 3260; x_wconf 91' lang='lat' dir='ltr'><strong>id</strong></span> <span class='ocrx_word' id='word_1_315' title='bbox 523 3208 623 3262; x_wconf 87' lang='lat' dir='ltr'><strong>bellum</strong></span> <span class='ocrx_word' id='word_1_316' title='bbox 667 3207 740 3278; x_wconf 88' lang='lat' dir='ltr'><strong>apud</strong></span> <span class='ocrx_word' id='word_1_317' title='bbox 754 3209 889 3262; x_wconf 86' lang='lat' dir='ltr'><strong>Romanos</strong></span> <span class='ocrx_word' id='word_1_318' title='bbox 903 3223 1002 3265; x_wconf 85' lang='lat' dir='ltr'><strong>veteres</strong></span> <span class='ocrx_word' id='word_1_319' title='bbox 1017 3215 1180 3285; x_wconf 83' lang='lat' dir='ltr'><strong>amplissima</strong></span> 
     </span>
     <span class='ocr_line' id='line_1_34' title="bbox 109 3287 1178 3362; baseline 0.003 -17"><span class='ocrx_word' id='word_1_320' title='bbox 109 3288 624 3362; x_wconf 75' lang='lat' dir='ltr'><strong>ponituraunoDXXV.Verumaliam</strong></span> <span class='ocrx_word' id='word_1_321' title='bbox 669 3289 779 3359; x_wconf 85' lang='lat' dir='ltr'><strong>collegia</strong></span> <span class='ocrx_word' id='word_1_322' title='bbox 810 3287 988 3343; x_wconf 89' lang='lat' dir='ltr'><strong>sacerdotum.</strong></span> <span class='ocrx_word' id='word_1_323' title='bbox 1016 3292 1178 3348; x_wconf 76' lang='lat' dir='ltr'><strong>Pontificum</strong></span> 
     </span>
     <span class='ocr_line' id='line_1_35' title="bbox 109 3366 1179 3441; baseline 0.003 -17"><span class='ocrx_word' id='word_1_324' title='bbox 109 3366 509 3424; x_wconf 83' lang='lat' dir='ltr'><strong>easeTucciamaTutiabaud</strong></span> <span class='ocrx_word' id='word_1_325' title='bbox 523 3381 623 3420; x_wconf 87' lang='lat' dir='ltr'><strong>temere</strong></span> <span class='ocrx_word' id='word_1_326' title='bbox 667 3366 810 3431; x_wconf 75' lang='lat' dir='ltr'><strong>videlicet,</strong></span> <span class='ocrx_word' id='word_1_327' title='bbox 841 3388 990 3440; x_wconf 82' lang='lat' dir='ltr'><strong>augurum,</strong></span> <span class='ocrx_word' id='word_1_328' title='bbox 1017 3386 1043 3426; x_wconf 92' lang='lat' dir='ltr'><strong>et</strong></span> <span class='ocrx_word' id='word_1_329' title='bbox 1067 3372 1179 3441; x_wconf 83' lang='lat' dir='ltr'><strong>decem,</strong></span> 
     </span>
     <span class='ocr_line' id='line_1_36' title="bbox 108 3446 1179 3519; baseline 0.005 -17"><span class='ocrx_word' id='word_1_330' title='bbox 108 3451 294 3504; x_wconf 81' lang='lat' dir='ltr'><strong>affirmamus:</strong></span> <span class='ocrx_word' id='word_1_331' title='bbox 309 3468 394 3519; x_wconf 84' lang='lat' dir='ltr'><strong>quum</strong></span> <span class='ocrx_word' id='word_1_332' title='bbox 411 3447 520 3501; x_wconf 85' lang='lat' dir='ltr'><strong>Tutiam</strong></span> <span class='ocrx_word' id='word_1_333' title='bbox 533 3446 624 3499; x_wconf 84' lang='lat' dir='ltr'><strong>Livius</strong></span> <span class='ocrx_word' id='word_1_334' title='bbox 668 3447 709 3499; x_wconf 84' lang='lat' dir='ltr'><strong>vel</strong></span> <span class='ocrx_word' id='word_1_335' title='bbox 736 3446 1009 3517; x_wconf 89' lang='lat' dir='ltr'><strong>quindecimvirornm</strong></span> <span class='ocrx_word' id='word_1_336' title='bbox 1036 3454 1116 3506; x_wconf 85' lang='lat' dir='ltr'><strong>sacris</strong></span> <span class='ocrx_word' id='word_1_337' title='bbox 1140 3456 1179 3507; x_wconf 84' lang='lat' dir='ltr'><strong>fa·</strong></span> 
     </span>
     <span class='ocr_line' id='line_1_37' title="bbox 112 3525 1178 3602; baseline 0.004 -19"><span class='ocrx_word' id='word_1_338' title='bbox 112 3531 229 3584; x_wconf 89' lang='lat' dir='ltr'><strong>incestus</strong></span> <span class='ocrx_word' id='word_1_339' title='bbox 241 3528 410 3592; x_wconf 68' lang='lat' dir='ltr'><strong>damnatam</strong></span> <span class='ocrx_word' id='word_1_340' title='bbox 424 3527 552 3581; x_wconf 81' lang='lat' dir='ltr'><strong>Tusciam</strong></span> <span class='ocrx_word' id='word_1_341' title='bbox 570 3525 625 3578; x_wconf 90' lang='lat' dir='ltr'><strong>Pli-</strong></span> <span class='ocrx_word' id='word_1_342' title='bbox 668 3526 789 3591; x_wconf 78' lang='lat' dir='ltr'><strong>ciundis‚</strong></span> <span class='ocrx_word' id='word_1_343' title='bbox 803 3529 849 3598; x_wconf 92' lang='lat' dir='ltr'><strong>qui</strong></span> <span class='ocrx_word' id='word_1_344' title='bbox 864 3530 988 3602; x_wconf 84' lang='lat' dir='ltr'><strong>Sibyllini</strong></span> <span class='ocrx_word' id='word_1_345' title='bbox 1005 3533 1178 3587; x_wconf 75' lang='lat' dir='ltr'><strong>versabantur.</strong></span> 
     </span>
     <span class='ocr_line' id='line_1_38' title="bbox 108 3604 1180 3680; baseline 0.004 -17"><span class='ocrx_word' id='word_1_346' title='bbox 108 3612 187 3674; x_wconf 91' lang='lat' dir='ltr'><strong>nius,</strong></span> <span class='ocrx_word' id='word_1_347' title='bbox 209 3609 354 3679; x_wconf 78' lang='lat' dir='ltr'><strong>Dionysius</strong></span> <span class='ocrx_word' id='word_1_348' title='bbox 376 3607 508 3660; x_wconf 86' lang='lat' dir='ltr'><strong>Halicuru.</strong></span> <span class='ocrx_word' id='word_1_349' title='bbox 527 3605 624 3677; x_wconf 87' lang='lat' dir='ltr'><strong>aliique</strong></span> <span class='ocrx_word' id='word_1_350' title='bbox 670 3607 718 3658; x_wconf 81' lang='lat' dir='ltr'><strong>His</strong></span> <span class='ocrx_word' id='word_1_351' title='bbox 745 3604 841 3661; x_wconf 89' lang='lat' dir='ltr'><strong>deinde</strong></span> <span class='ocrx_word' id='word_1_352' title='bbox 867 3623 893 3662; x_wconf 92' lang='lat' dir='ltr'><strong>et</strong></span> <span class='ocrx_word' id='word_1_353' title='bbox 919 3623 1042 3680; x_wconf 90' lang='lat' dir='ltr'><strong>quartum</strong></span> <span class='ocrx_word' id='word_1_354' title='bbox 1070 3615 1180 3667; x_wconf 87' lang='lat' dir='ltr'><strong>accessit</strong></span> 
     </span>
     <span class='ocr_line' id='line_1_39' title="bbox 107 3685 1179 3761; baseline 0.005 -20"><span class='ocrx_word' id='word_1_355' title='bbox 107 3709 177 3761; x_wconf 83' lang='lat' dir='ltr'><strong>quos</strong></span> <span class='ocrx_word' id='word_1_356' title='bbox 190 3688 394 3760; x_wconf 78' lang='lat' dir='ltr'><strong>appellavimus,</strong></span> <span class='ocrx_word' id='word_1_357' title='bbox 408 3687 525 3740; x_wconf 86' lang='lat' dir='ltr'><strong>criminis</strong></span> <span class='ocrx_word' id='word_1_358' title='bbox 539 3687 624 3756; x_wconf 91' lang='lat' dir='ltr'><strong>suspi·</strong></span> <span class='ocrx_word' id='word_1_359' title='bbox 669 3685 831 3754; x_wconf 86' lang='lat' dir='ltr'><strong>aruspicum.</strong></span> <span class='ocrx_word' id='word_1_360' title='bbox 849 3690 871 3739; x_wconf 82' lang='grc' dir='ltr'>Α</span> <span class='ocrx_word' id='word_1_361' title='bbox 887 3690 959 3759; x_wconf 73' lang='lat' dir='ltr'><strong>Sylla</strong></span> <span class='ocrx_word' id='word_1_362' title='bbox 973 3689 1179 3761; x_wconf 86' lang='lat' dir='ltr'><strong>quindecimviri</strong></span> 
     </span>
     <span class='ocr_line' id='line_1_40' title="bbox 108 3765 1179 3840; baseline 0.006 -20"><span class='ocrx_word' id='word_1_363' title='bbox 108 3772 187 3822; x_wconf 90' lang='lat' dir='ltr'><strong>cione</strong></span> <span class='ocrx_word' id='word_1_364' title='bbox 217 3769 353 3821; x_wconf 83' lang='lat' dir='ltr'><strong>liberatam</strong></span> <span class='ocrx_word' id='word_1_365' title='bbox 379 3765 510 3838; x_wconf 81' lang='lat' dir='ltr'><strong>prodant,</strong></span> <span class='ocrx_word' id='word_1_366' title='bbox 534 3767 625 3817; x_wconf 88' lang='lat' dir='ltr'><strong>hausta</strong></span> <span class='ocrx_word' id='word_1_367' title='bbox 668 3765 779 3818; x_wconf 88' lang='lat' dir='ltr'><strong>instituti</strong></span> <span class='ocrx_word' id='word_1_368' title='bbox 800 3780 876 3832; x_wconf 79' lang='lat' dir='ltr'><strong>saint,</strong></span> <span class='ocrx_word' id='word_1_369' title='bbox 893 3788 975 3839; x_wconf 90' lang='lat' dir='ltr'><strong>quum</strong></span> <span class='ocrx_word' id='word_1_370' title='bbox 996 3770 1069 3840; x_wconf 87' lang='lat' dir='ltr'><strong>prius</strong></span> <span class='ocrx_word' id='word_1_371' title='bbox 1087 3770 1179 3826; x_wconf 85' lang='lat' dir='ltr'><strong>decem</strong></span> 
     </span>
     <span class='ocr_line' id='line_1_41' title="bbox 108 3845 1179 3919; baseline 0.004 -18"><span class='ocrx_word' id='word_1_372' title='bbox 108 3850 200 3901; x_wconf 81' lang='lat' dir='ltr'><strong>cribro</strong></span> <span class='ocrx_word' id='word_1_373' title='bbox 215 3867 299 3919; x_wconf 86' lang='lat' dir='ltr'><strong>aqua,</strong></span> <span class='ocrx_word' id='word_1_374' title='bbox 313 3861 339 3899; x_wconf 88' lang='lat' dir='ltr'><strong>et</strong></span> <span class='ocrx_word' id='word_1_375' title='bbox 357 3847 442 3916; x_wconf 79' lang='lat' dir='ltr'><strong>longo.</strong></span> <span class='ocrx_word' id='word_1_376' title='bbox 453 3847 554 3917; x_wconf 88' lang='lat' dir='ltr'><strong>perlata</strong></span> <span class='ocrx_word' id='word_1_377' title='bbox 569 3864 626 3915; x_wconf 87' lang='lat' dir='ltr'><strong>spa·</strong></span> <span class='ocrx_word' id='word_1_378' title='bbox 669 3845 780 3898; x_wconf 91' lang='lat' dir='ltr'><strong>omniuo</strong></span> <span class='ocrx_word' id='word_1_379' title='bbox 802 3848 908 3900; x_wconf 81' lang='lat' dir='ltr'><strong>forent:</strong></span> <span class='ocrx_word' id='word_1_380' title='bbox 928 3847 961 3900; x_wconf 88' lang='lat' dir='ltr'><strong>ad</strong></span> <span class='ocrx_word' id='word_1_381' title='bbox 984 3849 1032 3901; x_wconf 83' lang='lat' dir='ltr'><strong>Iros</strong></span> <span class='ocrx_word' id='word_1_382' title='bbox 1053 3851 1179 3905; x_wconf 89' lang='lat' dir='ltr'><strong>Indorum</strong></span> 
     </span>
     <span class='ocr_line' id='line_1_42' title="bbox 108 3924 1180 4001; baseline 0.005 -21"><span class='ocrx_word' id='word_1_383' title='bbox 108 3930 169 3981; x_wconf 85' lang='lat' dir='ltr'><strong>tio:</strong></span> <span class='ocrx_word' id='word_1_384' title='bbox 192 3926 268 3999; x_wconf 86' lang='lat' dir='ltr'><strong>quod</strong></span> <span class='ocrx_word' id='word_1_385' title='bbox 285 3927 442 3983; x_wconf 86' lang='lat' dir='ltr'><strong>miraculum</strong></span> <span class='ocrx_word' id='word_1_386' title='bbox 458 3925 530 3978; x_wconf 86' lang='lat' dir='ltr'><strong>Livii</strong></span> <span class='ocrx_word' id='word_1_387' title='bbox 544 3924 624 3976; x_wconf 85' lang='lat' dir='ltr'><strong>ctiam</strong></span> <span class='ocrx_word' id='word_1_388' title='bbox 668 3925 833 3979; x_wconf 83' lang='lat' dir='ltr'><strong>saecularium</strong></span> <span class='ocrx_word' id='word_1_389' title='bbox 848 3929 1001 3998; x_wconf 86' lang='lat' dir='ltr'><strong>procuratio</strong></span> <span class='ocrx_word' id='word_1_390' title='bbox 1022 3933 1180 4001; x_wconf 84' lang='lat' dir='ltr'><strong>pertinebat.</strong></span> 
     </span>
     <span class='ocr_line' id='line_1_43' title="bbox 106 4003 761 4080; baseline -0.009 -18"><span class='ocrx_word' id='word_1_391' title='bbox 106 4008 279 4080; x_wconf 82' lang='lat' dir='ltr'><strong>Epitornator</strong></span> <span class='ocrx_word' id='word_1_392' title='bbox 298 4005 452 4070; x_wconf 86' lang='lat' dir='ltr'><strong>delibasset,</strong></span> <span class='ocrx_word' id='word_1_393' title='bbox 474 4005 496 4058; x_wconf 87' lang='lat' dir='ltr'><strong>si</strong></span> <span class='ocrx_word' id='word_1_394' title='bbox 520 4003 553 4056; x_wconf 88' lang='lat' dir='ltr'><strong>de</strong></span> <span class='ocrx_word' id='word_1_395' title='bbox 568 4004 625 4057; x_wconf 90' lang='lat' dir='ltr'><strong>Tu·</strong></span> <span class='ocrx_word' id='word_1_396' title='bbox 670 4005 761 4057; x_wconf 82' lang='lat' dir='ltr'><strong>Hann.</strong></span> 
     </span>
    </p>
   </div>
   <div class='ocr_carea' id='block_1_4' title="bbox 0 0 1354 4800">
    <p class='ocr_par' dir='ltr' id='par_1_5' title="bbox 0 0 1354 4800">
     <span class='ocr_line' id='line_1_44' title="bbox 0 0 1354 4800; baseline 0 0"><span class='ocrx_word' id='word_1_397' title='bbox 0 0 1354 4800; x_wconf 95' lang='lat' dir='ltr'><strong> </strong></span> 
     </span>
    </p>
   </div>
  </div>
 </body>
</html>
