<?xml version="1.0" encoding="UTF-8"?>
<!DOCTYPE html PUBLIC "-//W3C//DTD XHTML 1.0 Transitional//EN"
    "http://www.w3.org/TR/xhtml1/DTD/xhtml1-transitional.dtd">
<html xmlns="http://www.w3.org/1999/xhtml" xml:lang="en" lang="en">
 <head>
  <title>
</title>
<meta http-equiv="Content-Type" content="text/html;charset=utf-8" />
  <meta name='ocr-system' content='tesseract 3.04.00' />
  <meta name='ocr-capabilities' content='ocr_page ocr_carea ocr_par ocr_line ocrx_word'/>
</head>
<body>
  <div class='ocr_page' id='page_1' title='image "bibliothecaclas64lemagoog_0054.png"; bbox 0 0 2700 4800; ppageno 0'>
   <div class='ocr_carea' id='block_1_1' title="bbox 495 360 1203 447">
    <p class='ocr_par' dir='ltr' id='par_1_1' title="bbox 495 360 1203 447">
     <span class='ocr_line' id='line_1_1' title="bbox 495 360 1203 447; baseline 0.003 -18"><span class='ocrx_word' id='word_1_1' title='bbox 495 362 649 430; x_wconf 76' lang='lat' dir='ltr'>Linon</span> <span class='ocrx_word' id='word_1_2' title='bbox 674 360 863 429; x_wconf 79' lang='lat' dir='ltr'>xxviii.</span> <span class='ocrx_word' id='word_1_3' title='bbox 1160 366 1203 447; x_wconf 72' lang='grc' dir='ltr'>[μ</span> 
     </span>
    </p>
   </div>
   <div class='ocr_carea' id='block_1_2' title="bbox 134 491 1246 1867">
    <p class='ocr_par' dir='ltr' id='par_1_2' title="bbox 134 491 1246 1758">
     <span class='ocr_line' id='line_1_2' title="bbox 134 491 1207 590; baseline 0.002 -27"><span class='ocrx_word' id='word_1_4' title='bbox 134 493 311 590; x_wconf 77' lang='lat' dir='ltr'>probatur,</span> <span class='ocrx_word' id='word_1_5' title='bbox 321 496 434 565; x_wconf 79' lang='lat' dir='ltr'>statim</span> <span class='ocrx_word' id='word_1_6' title='bbox 451 516 471 563; x_wconf 87' lang='lat' dir='ltr'>a</span> <span class='ocrx_word' id='word_1_7' title='bbox 485 493 543 562; x_wconf 82' lang='lat' dir='ltr'>tali</span> <span class='ocrx_word' id='word_1_8' title='bbox 555 493 703 562; x_wconf 91' lang='lat' dir='ltr'>remedio</span> <span class='ocrx_word' id='word_1_9' title='bbox 715 507 869 563; x_wconf 89' lang='lat' dir='ltr'>correcto</span> <span class='ocrx_word' id='word_1_10' title='bbox 883 491 1034 562; x_wconf 84' lang='lat' dir='ltr'>animalis</span> <span class='ocrx_word' id='word_1_11' title='bbox 1047 494 1207 588; x_wconf 85' lang='lat' dir='ltr'>ingressu.</span> 
     </span>
     <span class='ocr_line' id='line_1_3' title="bbox 136 598 1210 696; baseline 0.003 -27"><span class='ocrx_word' id='word_1_12' title='bbox 136 599 283 689; x_wconf 79' lang='lat' dir='ltr'><strong>Quidem</strong></span> <span class='ocrx_word' id='word_1_13' title='bbox 300 622 383 671; x_wconf 85' lang='lat' dir='ltr'>vero</span> <span class='ocrx_word' id='word_1_14' title='bbox 399 613 584 696; x_wconf 75' lang='lat' dir='ltr'>aggravent</span> <span class='ocrx_word' id='word_1_15' title='bbox 598 598 726 686; x_wconf 85' lang='lat' dir='ltr'>ictus¹¹,</span> <span class='ocrx_word' id='word_1_16' title='bbox 740 614 817 668; x_wconf 87' lang='lat' dir='ltr'>ante</span> <span class='ocrx_word' id='word_1_17' title='bbox 828 614 986 669; x_wconf 83' lang='lat' dir='ltr'>conatum</span> <span class='ocrx_word' id='word_1_18' title='bbox 997 598 1095 668; x_wconf 78' lang='lat' dir='ltr'>simili</span> <span class='ocrx_word' id='word_1_19' title='bbox 1109 602 1210 672; x_wconf 90' lang='lat' dir='ltr'>modo</span> 
     </span>
     <span class='ocr_line' id='line_1_4' title="bbox 137 703 1211 802; baseline 0 -25"><span class='ocrx_word' id='word_1_20' title='bbox 137 706 547 802; x_wconf 78' lang='lat' dir='ltr'>solivaiumanuingestu.</span> <span class='ocrx_word' id='word_1_21' title='bbox 561 704 777 776; x_wconf 83' lang='lat' dir='ltr'>Credamus¹²</span> <span class='ocrx_word' id='word_1_22' title='bbox 791 703 1211 801; x_wconf 83' lang='lat' dir='ltr'>ergoliehenasleprasque</span> 
     </span>
     <span class='ocr_line' id='line_1_5' title="bbox 136 811 1212 917; baseline 0 -35"><span class='ocrx_word' id='word_1_23' title='bbox 136 811 256 907; x_wconf 73' lang='lat' dir='ltr'>jejunae</span> <span class='ocrx_word' id='word_1_24' title='bbox 280 812 366 883; x_wconf 91' lang='lat' dir='ltr'>illitu</span> <span class='ocrx_word' id='word_1_25' title='bbox 389 813 521 883; x_wconf 85' lang='lat' dir='ltr'>assiduo</span> <span class='ocrx_word' id='word_1_26' title='bbox 546 815 680 883; x_wconf 78' lang='lat' dir='ltr'>arceri.</span> <span class='ocrx_word' id='word_1_27' title='bbox 701 814 781 882; x_wconf 90' lang='lat' dir='ltr'>item</span> <span class='ocrx_word' id='word_1_28' title='bbox 800 812 1031 917; x_wconf 82' lang='lat' dir='ltr'>lippitudines,</span> <span class='ocrx_word' id='word_1_29' title='bbox 1048 815 1212 885; x_wconf 85' lang='lat' dir='ltr'>matutina</span> 
     </span>
     <span class='ocr_line' id='line_1_6' title="bbox 139 905 1212 1014; baseline 0 -25"><span class='ocrx_word' id='word_1_30' title='bbox 139 919 285 1014; x_wconf 89' lang='lat' dir='ltr'>quotidie</span> <span class='ocrx_word' id='word_1_31' title='bbox 311 917 436 990; x_wconf 79' lang='lat' dir='ltr'>velut</span> <span class='ocrx_word' id='word_1_32' title='bbox 427 921 656 989; x_wconf 79' lang='lat' dir='ltr'>inunctione:</span> <span class='ocrx_word' id='word_1_33' title='bbox 685 921 933 1005; x_wconf 77' lang='lat' dir='ltr'>carcinomata,</span> <span class='ocrx_word' id='word_1_34' title='bbox 962 905 1084 1003; x_wconf 75' lang='lat' dir='ltr'>malo¹³</span> <span class='ocrx_word' id='word_1_35' title='bbox 1115 933 1212 989; x_wconf 74' lang='lat' dir='ltr'>terre</span> 
     </span>
     <span class='ocr_line' id='line_1_7' title="bbox 140 1013 1212 1120; baseline -0.001 -25"><span class='ocrx_word' id='word_1_36' title='bbox 140 1025 304 1095; x_wconf 77' lang='lat' dir='ltr'>subacto:</span> <span class='ocrx_word' id='word_1_37' title='bbox 324 1028 463 1096; x_wconf 83' lang='lat' dir='ltr'>cervicis</span> <span class='ocrx_word' id='word_1_38' title='bbox 471 1013 495 1058; x_wconf 69' lang='lat'>¹⁴</span> <span class='ocrx_word' id='word_1_39' title='bbox 515 1025 687 1111; x_wconf 86' lang='lat' dir='ltr'>dolorem,</span> <span class='ocrx_word' id='word_1_40' title='bbox 717 1024 855 1095; x_wconf 86' lang='lat' dir='ltr'>saliva</span> <span class='ocrx_word' id='word_1_41' title='bbox 847 1026 949 1120; x_wconf 67' lang='lat' dir='ltr'>jejuni</span> <span class='ocrx_word' id='word_1_42' title='bbox 973 1024 1091 1095; x_wconf 88' lang='lat' dir='ltr'>dextra</span> <span class='ocrx_word' id='word_1_43' title='bbox 1109 1050 1212 1095; x_wconf 88' lang='lat' dir='ltr'>manu</span> 
     </span>
     <span class='ocr_line' id='line_1_8' title="bbox 140 1118 1213 1229; baseline 0.001 -29"><span class='ocrx_word' id='word_1_44' title='bbox 140 1131 179 1200; x_wconf 79' lang='lat' dir='ltr'>ad</span> <span class='ocrx_word' id='word_1_45' title='bbox 198 1131 356 1201; x_wconf 86' lang='lat' dir='ltr'>dextrum</span> <span class='ocrx_word' id='word_1_46' title='bbox 372 1131 533 1229; x_wconf 86' lang='lat' dir='ltr'>poplitem</span> <span class='ocrx_word' id='word_1_47' title='bbox 547 1131 668 1219; x_wconf 84' lang='lat' dir='ltr'>relata,</span> <span class='ocrx_word' id='word_1_48' title='bbox 676 1078 817 1202; x_wconf 80' lang='lat' dir='ltr'>laevaad</span> <span class='ocrx_word' id='word_1_49' title='bbox 835 1134 1026 1202; x_wconf 85' lang='lat' dir='ltr'>sinistrum:</span> <span class='ocrx_word' id='word_1_50' title='bbox 1045 1134 1072 1201; x_wconf 89' lang='lat' dir='ltr'>si</span> <span class='ocrx_word' id='word_1_51' title='bbox 1083 1118 1213 1227; x_wconf 85' lang='lat' dir='ltr'>¹⁵quod</span> 
     </span>
     <span class='ocr_line' id='line_1_9' title="bbox 140 1236 1246 1358; baseline 0.002 -51"><span class='ocrx_word' id='word_1_52' title='bbox 140 1236 259 1307; x_wconf 78' lang='lat' dir='ltr'>animal</span> <span class='ocrx_word' id='word_1_53' title='bbox 278 1261 395 1308; x_wconf 88' lang='lat' dir='ltr'>aurem</span> <span class='ocrx_word' id='word_1_54' title='bbox 419 1241 611 1321; x_wconf 78' lang='lat' dir='ltr'>intraverit,</span> <span class='ocrx_word' id='word_1_55' title='bbox 629 1253 663 1308; x_wconf 88' lang='lat' dir='ltr'>et</span> <span class='ocrx_word' id='word_1_56' title='bbox 682 1240 867 1358; x_wconf 74' lang='lat' dir='ltr'>inspuetur,</span> <span class='ocrx_word' id='word_1_57' title='bbox 883 1239 980 1307; x_wconf 86' lang='lat' dir='ltr'>exire.</span> <span class='ocrx_word' id='word_1_58' title='bbox 1002 1240 1095 1307; x_wconf 88' lang='lat' dir='ltr'>lntcr</span> <span class='ocrx_word' id='word_1_59' title='bbox 1116 1262 1212 1309; x_wconf 87' lang='lat' dir='ltr'>amu·</span> <span class='ocrx_word' id='word_1_60' title='bbox 1230 1257 1246 1309; x_wconf 82' lang='grc'><strong>3</strong></span> 
     </span>
     <span class='ocr_line' id='line_1_10' title="bbox 141 1343 1212 1440; baseline -0.001 -26"><span class='ocrx_word' id='word_1_61' title='bbox 141 1343 203 1414; x_wconf 81' lang='lat' dir='ltr'>leta</span> <span class='ocrx_word' id='word_1_62' title='bbox 227 1359 302 1431; x_wconf 86' lang='lat' dir='ltr'>est,</span> <span class='ocrx_word' id='word_1_63' title='bbox 334 1345 433 1416; x_wconf 85' lang='lat' dir='ltr'>editre</span> <span class='ocrx_word' id='word_1_64' title='bbox 464 1369 632 1440; x_wconf 85' lang='lat' dir='ltr'>quemque</span> <span class='ocrx_word' id='word_1_65' title='bbox 661 1346 765 1415; x_wconf 82' lang='lat' dir='ltr'>urinae</span> <span class='ocrx_word' id='word_1_66' title='bbox 793 1347 978 1439; x_wconf 80' lang='lat' dir='ltr'>inspuere:</span> <span class='ocrx_word' id='word_1_67' title='bbox 1002 1343 1186 1414; x_wconf 87' lang='lat' dir='ltr'>similiter</span> <span class='ocrx_word' id='word_1_68' title='bbox 1178 1371 1212 1413; x_wconf 90' lang='lat' dir='ltr'>m</span> 
     </span>
     <span class='ocr_line' id='line_1_11' title="bbox 140 1448 1212 1547; baseline 0.001 -27"><span class='ocrx_word' id='word_1_69' title='bbox 140 1448 400 1521; x_wconf 75' lang='lat' dir='ltr'>mlceamentum</span> <span class='ocrx_word' id='word_1_70' title='bbox 426 1448 534 1523; x_wconf 83' lang='lat' dir='ltr'>dextri</span> <span class='ocrx_word' id='word_1_71' title='bbox 556 1451 673 1547; x_wconf 86' lang='lat' dir='ltr'>pedis,</span> <span class='ocrx_word' id='word_1_72' title='bbox 709 1466 887 1547; x_wconf 88' lang='lat' dir='ltr'>antequam</span> <span class='ocrx_word' id='word_1_73' title='bbox 922 1450 1106 1520; x_wconf 85' lang='lat' dir='ltr'>induatur:</span> <span class='ocrx_word' id='word_1_74' title='bbox 1132 1453 1212 1521; x_wconf 90' lang='lat' dir='ltr'>item</span> 
     </span>
     <span class='ocr_line' id='line_1_12' title="bbox 140 1556 1213 1654; baseline 0.001 -28"><span class='ocrx_word' id='word_1_75' title='bbox 140 1582 241 1652; x_wconf 87' lang='lat' dir='ltr'>quum</span> <span class='ocrx_word' id='word_1_76' title='bbox 268 1559 342 1652; x_wconf 87' lang='lat' dir='ltr'>quis</span> <span class='ocrx_word' id='word_1_77' title='bbox 374 1573 522 1627; x_wconf 85' lang='lat' dir='ltr'>transeat</span> <span class='ocrx_word' id='word_1_78' title='bbox 549 1556 717 1643; x_wconf 91' lang='lat' dir='ltr'>locum,</span> <span class='ocrx_word' id='word_1_79' title='bbox 707 1582 741 1626; x_wconf 88' lang='lat' dir='ltr'>m</span> <span class='ocrx_word' id='word_1_80' title='bbox 766 1584 871 1654; x_wconf 93' lang='lat' dir='ltr'>quo</span> <span class='ocrx_word' id='word_1_81' title='bbox 863 1557 997 1653; x_wconf 83' lang='lat' dir='ltr'>aliquod</span> <span class='ocrx_word' id='word_1_82' title='bbox 1028 1556 1213 1653; x_wconf 89' lang='lat' dir='ltr'>periculum</span> 
     </span>
     <span class='ocr_line' id='line_1_13' title="bbox 142 1649 1212 1784; baseline 0.002 -52"><span class='ocrx_word' id='word_1_83' title='bbox 142 1663 266 1733; x_wconf 82' lang='lat' dir='ltr'>adierit</span> <span class='ocrx_word' id='word_1_84' title='bbox 291 1649 482 1734; x_wconf 81' lang='lat' dir='ltr'>Marcion¹⁶</span> <span class='ocrx_word' id='word_1_85' title='bbox 504 1668 561 1734; x_wconf 92' lang='lat' dir='ltr'>Sm</span> <span class='ocrx_word' id='word_1_86' title='bbox 587 1689 695 1734; x_wconf 81' lang='lat' dir='ltr'>rnaeus</span> <span class='ocrx_word' id='word_1_87' title='bbox 702 1667 789 1758; x_wconf 91' lang='lat' dir='ltr'>,qui</span> <span class='ocrx_word' id='word_1_88' title='bbox 808 1664 850 1733; x_wconf 89' lang='lat' dir='ltr'>de</span> <span class='ocrx_word' id='word_1_89' title='bbox 870 1663 1109 1784; x_wconf 87' lang='lat' dir='ltr'>simplicibus¹⁷</span> <span class='ocrx_word' id='word_1_90' title='bbox 1131 1665 1212 1734; x_wconf 81' lang='lat' dir='ltr'>elle·</span> 
     </span>
    </p>

    <p class='ocr_par' dir='ltr' id='par_1_3' title="bbox 142 1768 1213 1867">
     <span class='ocr_line' id='line_1_14' title="bbox 142 1768 1213 1867; baseline 0.002 -29"><span class='ocrx_word' id='word_1_91' title='bbox 142 1768 246 1840; x_wconf 87' lang='lat' dir='ltr'>ctibus</span> <span class='ocrx_word' id='word_1_92' title='bbox 264 1770 414 1865; x_wconf 84' lang='lat' dir='ltr'>scripsit,</span> <span class='ocrx_word' id='word_1_93' title='bbox 433 1770 562 1866; x_wconf 87' lang='lat' dir='ltr'>rumpi¹</span> <span class='ocrx_word' id='word_1_94' title='bbox 601 1769 838 1865; x_wconf 86' lang='lat' dir='ltr'>scolopendras</span> <span class='ocrx_word' id='word_1_95' title='bbox 860 1773 1005 1841; x_wconf 87' lang='lat' dir='ltr'>marinas</span> <span class='ocrx_word' id='word_1_96' title='bbox 1025 1785 1125 1867; x_wconf 92' lang='lat' dir='ltr'>sputo</span> <span class='ocrx_word' id='word_1_97' title='bbox 1142 1786 1213 1841; x_wconf 87' lang='lat' dir='ltr'>tra·</span> 
     </span>
    </p>
   </div>
   <div class='ocr_carea' id='block_1_3' title="bbox 143 1926 1220 4076">
    <p class='ocr_par' dir='ltr' id='par_1_4' title="bbox 143 1926 1215 2479">
     <span class='ocr_line' id='line_1_15' title="bbox 179 1926 1213 2000; baseline 0.001 -20"><span class='ocrx_word' id='word_1_98' title='bbox 179 1941 225 1982; x_wconf 85' lang='lat' dir='ltr'>tr.</span> <span class='ocrx_word' id='word_1_99' title='bbox 238 1927 393 1999; x_wconf 66' lang='lat' dir='ltr'>Aggrerant</span> <span class='ocrx_word' id='word_1_100' title='bbox 410 1931 484 1981; x_wconf 79' lang='lat' dir='ltr'>ictus.</span> <span class='ocrx_word' id='word_1_101' title='bbox 497 1962 525 1977; x_wconf 84' lang='lat'>··</span> <span class='ocrx_word' id='word_1_102' title='bbox 546 1930 571 1980; x_wconf 82' lang='lat' dir='ltr'>in</span> <span class='ocrx_word' id='word_1_103' title='bbox 582 1947 655 1981; x_wconf 81' lang='lat' dir='ltr'>manu</span> <span class='ocrx_word' id='word_1_104' title='bbox 697 1929 832 1982; x_wconf 85' lang='lat' dir='ltr'>cervicum</span> <span class='ocrx_word' id='word_1_105' title='bbox 851 1926 976 1995; x_wconf 87' lang='lat' dir='ltr'>dolores,</span> <span class='ocrx_word' id='word_1_106' title='bbox 1000 1928 1103 2000; x_wconf 87' lang='lat' dir='ltr'>inquit,</span> <span class='ocrx_word' id='word_1_107' title='bbox 1127 1946 1213 1983; x_wconf 88' lang='lat' dir='ltr'>reme·</span> 
     </span>
     <span class='ocr_line' id='line_1_16' title="bbox 143 2007 1213 2081; baseline 0 -21"><span class='ocrx_word' id='word_1_108' title='bbox 143 2010 242 2079; x_wconf 67' lang='lat' dir='ltr'>ingesta.</span> <span class='ocrx_word' id='word_1_109' title='bbox 269 2008 322 2060; x_wconf 82' lang='lat' dir='ltr'>Res</span> <span class='ocrx_word' id='word_1_110' title='bbox 345 2009 445 2061; x_wconf 87' lang='lat' dir='ltr'>iterum</span> <span class='ocrx_word' id='word_1_111' title='bbox 472 2009 545 2061; x_wconf 79' lang='lat' dir='ltr'>sulse.</span> <span class='ocrx_word' id='word_1_112' title='bbox 570 2010 655 2061; x_wconf 82' lang='lat' dir='ltr'>Durat</span> <span class='ocrx_word' id='word_1_113' title='bbox 698 2007 1213 2081; x_wconf 76' lang='lat' dir='ltr'>diumphysicumsiczjejunusdextram</span> 
     </span>
     <span class='ocr_line' id='line_1_17' title="bbox 143 2086 1213 2160; baseline -0.001 -19"><span class='ocrx_word' id='word_1_114' title='bbox 143 2087 247 2160; x_wconf 85' lang='lat' dir='ltr'>quidem</span> <span class='ocrx_word' id='word_1_115' title='bbox 273 2086 319 2140; x_wconf 80' lang='lat' dir='ltr'>illa</span> <span class='ocrx_word' id='word_1_116' title='bbox 338 2087 367 2141; x_wconf 88' lang='lat' dir='ltr'>in</span> <span class='ocrx_word' id='word_1_117' title='bbox 392 2104 487 2141; x_wconf 77' lang='lat' dir='ltr'>manus</span> <span class='ocrx_word' id='word_1_118' title='bbox 509 2086 654 2158; x_wconf 86' lang='lat' dir='ltr'>inspuendi</span> <span class='ocrx_word' id='word_1_119' title='bbox 698 2106 807 2140; x_wconf 81' lang='lat' dir='ltr'>manum</span> <span class='ocrx_word' id='word_1_120' title='bbox 833 2087 914 2141; x_wconf 82' lang='lat' dir='ltr'>saliva</span> <span class='ocrx_word' id='word_1_121' title='bbox 928 2100 1028 2160; x_wconf 75' lang='lat' dir='ltr'>tange,</span> <span class='ocrx_word' id='word_1_122' title='bbox 1047 2100 1074 2140; x_wconf 83' lang='lat' dir='ltr'>et</span> <span class='ocrx_word' id='word_1_123' title='bbox 1088 2087 1213 2141; x_wconf 82' lang='lat' dir='ltr'>dextrum</span> 
     </span>
     <span class='ocr_line' id='line_1_18' title="bbox 143 2165 1214 2239; baseline 0 -18"><span class='ocrx_word' id='word_1_124' title='bbox 143 2165 321 2233; x_wconf 76' lang='lat' dir='ltr'>cometudo,</span> <span class='ocrx_word' id='word_1_125' title='bbox 334 2165 400 2227; x_wconf 81' lang='lat' dir='ltr'>dum</span> <span class='ocrx_word' id='word_1_126' title='bbox 413 2166 515 2239; x_wconf 85' lang='lat' dir='ltr'>aliquid</span> <span class='ocrx_word' id='word_1_127' title='bbox 524 2180 655 2220; x_wconf 83' lang='lat' dir='ltr'>conantur</span> <span class='ocrx_word' id='word_1_128' title='bbox 697 2169 827 2238; x_wconf 85' lang='lat' dir='ltr'>poplitem</span> <span class='ocrx_word' id='word_1_129' title='bbox 846 2168 961 2238; x_wconf 81' lang='lat' dir='ltr'>perfrica</span> <span class='ocrx_word' id='word_1_130' title='bbox 976 2187 983 2220; x_wconf 91' lang='lat'>:</span> <span class='ocrx_word' id='word_1_131' title='bbox 997 2166 1095 2220; x_wconf 88' lang='lat' dir='ltr'>deinde</span> <span class='ocrx_word' id='word_1_132' title='bbox 1109 2168 1214 2221; x_wconf 82' lang='lat' dir='ltr'>sinistra</span> 
     </span>
     <span class='ocr_line' id='line_1_19' title="bbox 143 2245 1215 2319; baseline -0.001 -18"><span class='ocrx_word' id='word_1_133' title='bbox 143 2246 302 2301; x_wconf 74' lang='lat' dir='ltr'>laboriosum</span> <span class='ocrx_word' id='word_1_134' title='bbox 324 2264 355 2300; x_wconf 85' lang='lat' dir='ltr'>uc</span> <span class='ocrx_word' id='word_1_135' title='bbox 378 2245 490 2300; x_wconf 81' lang='lat' dir='ltr'>difficile</span> <span class='ocrx_word' id='word_1_136' title='bbox 506 2265 513 2299; x_wconf 96' lang='lat'><strong>:</strong></span> <span class='ocrx_word' id='word_1_137' title='bbox 530 2245 576 2300; x_wconf 87' lang='lat' dir='ltr'>sed</span> <span class='ocrx_word' id='word_1_138' title='bbox 592 2247 655 2300; x_wconf 89' lang='lat' dir='ltr'>hinc</span> <span class='ocrx_word' id='word_1_139' title='bbox 696 2264 777 2300; x_wconf 81' lang='lat' dir='ltr'>manu</span> <span class='ocrx_word' id='word_1_140' title='bbox 789 2247 941 2301; x_wconf 87' lang='lat' dir='ltr'>sinistrum:</span> <span class='ocrx_word' id='word_1_141' title='bbox 954 2260 981 2300; x_wconf 86' lang='lat' dir='ltr'>et</span> <span class='ocrx_word' id='word_1_142' title='bbox 991 2248 1043 2300; x_wconf 91' lang='lat' dir='ltr'>hoc</span> <span class='ocrx_word' id='word_1_143' title='bbox 1054 2260 1093 2300; x_wconf 86' lang='lat' dir='ltr'>ter</span> <span class='ocrx_word' id='word_1_144' title='bbox 1104 2266 1152 2319; x_wconf 87' lang='lat' dir='ltr'>per</span> <span class='ocrx_word' id='word_1_145' title='bbox 1162 2248 1215 2300; x_wconf 85' lang='lat' dir='ltr'>sin·</span> 
     </span>
     <span class='ocr_line' id='line_1_20' title="bbox 144 2326 1214 2398; baseline -0.001 -17"><span class='ocrx_word' id='word_1_146' title='bbox 144 2326 258 2381; x_wconf 75' lang='lat' dir='ltr'>laborem</span> <span class='ocrx_word' id='word_1_147' title='bbox 272 2326 356 2380; x_wconf 77' lang='lat' dir='ltr'>levari</span> <span class='ocrx_word' id='word_1_148' title='bbox 377 2327 465 2381; x_wconf 78' lang='lat' dir='ltr'>iebula</span> <span class='ocrx_word' id='word_1_149' title='bbox 486 2340 524 2380; x_wconf 86' lang='lat' dir='ltr'>est</span> <span class='ocrx_word' id='word_1_150' title='bbox 537 2339 565 2379; x_wconf 91' lang='lat' dir='ltr'>et</span> <span class='ocrx_word' id='word_1_151' title='bbox 577 2326 655 2379; x_wconf 83' lang='lat' dir='ltr'>anilis</span> <span class='ocrx_word' id='word_1_152' title='bbox 697 2328 773 2398; x_wconf 78' lang='lat' dir='ltr'>gulos</span> <span class='ocrx_word' id='word_1_153' title='bbox 784 2328 900 2398; x_wconf 83' lang='lat' dir='ltr'>poplites</span> <span class='ocrx_word' id='word_1_154' title='bbox 912 2328 992 2380; x_wconf 85' lang='lat' dir='ltr'>facito</span> <span class='ocrx_word' id='word_1_155' title='bbox 1005 2345 1011 2381; x_wconf 91' lang='lat'>:</span> <span class='ocrx_word' id='word_1_156' title='bbox 1025 2328 1113 2380; x_wconf 79' lang='lat' dir='ltr'>statim</span> <span class='ocrx_word' id='word_1_157' title='bbox 1127 2345 1214 2381; x_wconf 86' lang='lat' dir='ltr'>reme·</span> 
     </span>
     <span class='ocr_line' id='line_1_21' title="bbox 145 2404 931 2479; baseline -0.001 -19"><span class='ocrx_word' id='word_1_158' title='bbox 145 2404 305 2479; x_wconf 76' lang='lat' dir='ltr'>imrginetio.</span> <span class='ocrx_word' id='word_1_159' title='bbox 320 2406 370 2459; x_wconf 79' lang='lat' dir='ltr'>Ar.</span> <span class='ocrx_word' id='word_1_160' title='bbox 698 2405 793 2460; x_wconf 79' lang='lat' dir='ltr'>diubis.</span> <span class='ocrx_word' id='word_1_161' title='bbox 806 2433 817 2453; x_wconf 83' lang='lat'><strong>·</strong></span> <span class='ocrx_word' id='word_1_162' title='bbox 835 2405 931 2459; x_wconf 76' lang='lat' dir='ltr'>Iliun,</span> 
     </span>
    </p>

    <p class='ocr_par' dir='ltr' id='par_1_5' title="bbox 146 2485 1216 3270">
     <span class='ocr_line' id='line_1_22' title="bbox 182 2485 1212 2558; baseline -0.001 -17"><span class='ocrx_word' id='word_1_163' title='bbox 182 2502 227 2541; x_wconf 75' lang='lat' dir='ltr'>tu.</span> <span class='ocrx_word' id='word_1_164' title='bbox 256 2486 399 2540; x_wconf 69' lang='lat' dir='ltr'>Credantur.</span> <span class='ocrx_word' id='word_1_165' title='bbox 425 2485 520 2539; x_wconf 77' lang='lat' dir='ltr'>Salivoe</span> <span class='ocrx_word' id='word_1_166' title='bbox 546 2485 655 2540; x_wconf 85' lang='lat' dir='ltr'>scillcet.</span> <span class='ocrx_word' id='word_1_167' title='bbox 742 2487 787 2540; x_wconf 82' lang='lat'>15.</span> <span class='ocrx_word' id='word_1_168' title='bbox 803 2485 840 2540; x_wconf 85' lang='lat' dir='ltr'>Si.</span> <span class='ocrx_word' id='word_1_169' title='bbox 852 2487 921 2539; x_wconf 88' lang='lat' dir='ltr'>Plin.</span> <span class='ocrx_word' id='word_1_170' title='bbox 935 2486 1116 2558; x_wconf 81' lang='lat' dir='ltr'>Val.1,9,et</span> <span class='ocrx_word' id='word_1_171' title='bbox 1127 2486 1212 2541; x_wconf 84' lang='lat' dir='ltr'>Marc.</span> 
     </span>
     <span class='ocr_line' id='line_1_23' title="bbox 146 2562 1214 2639; baseline -0.001 -18"><span class='ocrx_word' id='word_1_172' title='bbox 146 2564 264 2621; x_wconf 78' lang='lat' dir='ltr'>Credidit</span> <span class='ocrx_word' id='word_1_173' title='bbox 276 2584 338 2619; x_wconf 83' lang='lat' dir='ltr'>sane</span> <span class='ocrx_word' id='word_1_174' title='bbox 353 2565 447 2619; x_wconf 84' lang='lat' dir='ltr'>Galen.</span> <span class='ocrx_word' id='word_1_175' title='bbox 464 2562 499 2618; x_wconf 89' lang='lat' dir='ltr'>de</span> <span class='ocrx_word' id='word_1_176' title='bbox 510 2564 559 2618; x_wconf 81' lang='lat' dir='ltr'>fec.</span> <span class='ocrx_word' id='word_1_177' title='bbox 576 2565 654 2637; x_wconf 84' lang='lat' dir='ltr'>simp.</span> <span class='ocrx_word' id='word_1_178' title='bbox 699 2567 779 2637; x_wconf 85' lang='lat' dir='ltr'>Emp.</span> <span class='ocrx_word' id='word_1_179' title='bbox 797 2584 854 2637; x_wconf 82' lang='lat' dir='ltr'>erp.</span> <span class='ocrx_word' id='word_1_180' title='bbox 875 2585 918 2627; x_wconf 82' lang='lat' dir='ltr'>rx,</span> <span class='ocrx_word' id='word_1_181' title='bbox 930 2585 989 2639; x_wconf 77' lang='lat' dir='ltr'>pag.</span> <span class='ocrx_word' id='word_1_182' title='bbox 1006 2570 1053 2622; x_wconf 79' lang='lat' dir='ltr'>ar.</span> <span class='ocrx_word' id='word_1_183' title='bbox 1067 2568 1159 2621; x_wconf 75' lang='lat' dir='ltr'>Hiuu.</span> <span class='ocrx_word' id='word_1_184' title='bbox 1174 2599 1214 2610; x_wconf 92' lang='lat'><em>-</em></span> 
     </span>
     <span class='ocr_line' id='line_1_24' title="bbox 146 2642 1215 2717; baseline 0.005 -22"><span class='ocrx_word' id='word_1_185' title='bbox 146 2642 265 2711; x_wconf 59' lang='grc' dir='ltr'>ΜΗ,</span> <span class='ocrx_word' id='word_1_186' title='bbox 283 2665 315 2708; x_wconf 78' lang='lat'>²,</span> <span class='ocrx_word' id='word_1_187' title='bbox 338 2664 400 2717; x_wconf 72' lang='lat' dir='ltr'>pag.</span> <span class='ocrx_word' id='word_1_188' title='bbox 425 2650 491 2716; x_wconf 75' lang='lat'>287.</span> <span class='ocrx_word' id='word_1_189' title='bbox 515 2645 602 2696; x_wconf 74' lang='lat' dir='ltr'>liunt).</span> <span class='ocrx_word' id='word_1_190' title='bbox 616 2675 657 2687; x_wconf 87' lang='lat'>-</span> <span class='ocrx_word' id='word_1_191' title='bbox 698 2645 799 2717; x_wconf 86' lang='lat' dir='ltr'>Siquod</span> <span class='ocrx_word' id='word_1_192' title='bbox 807 2646 1038 2699; x_wconf 67' lang='lat' dir='ltr'>animal-..exire</span> <span class='ocrx_word' id='word_1_193' title='bbox 1049 2649 1138 2700; x_wconf 88' lang='lat' dir='ltr'>Potest</span> <span class='ocrx_word' id='word_1_194' title='bbox 1151 2656 1215 2700; x_wconf 86' lang='lat' dir='ltr'>t&#39;unc</span> 
     </span>
     <span class='ocr_line' id='line_1_25' title="bbox 148 2725 1215 2798; baseline 0.002 -20"><span class='ocrx_word' id='word_1_195' title='bbox 148 2725 275 2778; x_wconf 66' lang='lat' dir='ltr'>cadamus</span> <span class='ocrx_word' id='word_1_196' title='bbox 292 2726 412 2788; x_wconf 62' lang='lat' dir='ltr'>urbertas,</span> <span class='ocrx_word' id='word_1_197' title='bbox 431 2737 481 2778; x_wconf 91' lang='lat' dir='ltr'>etc.</span> <span class='ocrx_word' id='word_1_198' title='bbox 499 2726 567 2790; x_wconf 82' lang='lat' dir='ltr'>Qute</span> <span class='ocrx_word' id='word_1_199' title='bbox 584 2726 655 2777; x_wconf 88' lang='lat' dir='ltr'>Neo·</span> <span class='ocrx_word' id='word_1_200' title='bbox 698 2725 796 2778; x_wconf 74' lang='lat' dir='ltr'>animal</span> <span class='ocrx_word' id='word_1_201' title='bbox 806 2725 1215 2798; x_wconf 79' lang='lat' dir='ltr'>depelli,nonviincentamenti</span> 
     </span>
     <span class='ocr_line' id='line_1_26' title="bbox 147 2802 1215 2879; baseline 0.002 -23"><span class='ocrx_word' id='word_1_202' title='bbox 147 2804 217 2860; x_wconf 82' lang='lat' dir='ltr'>terici</span> <span class='ocrx_word' id='word_1_203' title='bbox 229 2802 389 2876; x_wconf 75' lang='lat' dir='ltr'>patlemutou</span> <span class='ocrx_word' id='word_1_204' title='bbox 406 2806 589 2858; x_wconf 82' lang='lat' dir='ltr'>observatores</span> <span class='ocrx_word' id='word_1_205' title='bbox 602 2806 659 2857; x_wconf 82' lang='lat' dir='ltr'>dar·</span> <span class='ocrx_word' id='word_1_206' title='bbox 700 2818 726 2858; x_wconf 88' lang='lat' dir='ltr'>et</span> <span class='ocrx_word' id='word_1_207' title='bbox 739 2808 818 2879; x_wconf 68' lang='lat' dir='ltr'>iprgir</span> <span class='ocrx_word' id='word_1_208' title='bbox 833 2805 987 2877; x_wconf 86' lang='lat' dir='ltr'>cujusdam,</span> <span class='ocrx_word' id='word_1_209' title='bbox 1008 2806 1054 2859; x_wconf 83' lang='lat' dir='ltr'>sed</span> <span class='ocrx_word' id='word_1_210' title='bbox 1066 2804 1129 2858; x_wconf 87' lang='lat' dir='ltr'>dum</span> <span class='ocrx_word' id='word_1_211' title='bbox 1140 2825 1215 2877; x_wconf 90' lang='lat' dir='ltr'>pres·</span> 
     </span>
     <span class='ocr_line' id='line_1_27' title="bbox 148 2884 1215 2958; baseline 0.003 -24"><span class='ocrx_word' id='word_1_212' title='bbox 148 2895 190 2938; x_wconf 79' lang='lat' dir='ltr'>tm</span> <span class='ocrx_word' id='word_1_213' title='bbox 211 2885 361 2949; x_wconf 84' lang='lat' dir='ltr'>dictitant,</span> <span class='ocrx_word' id='word_1_214' title='bbox 378 2884 475 2938; x_wconf 82' lang='lat' dir='ltr'>Noster</span> <span class='ocrx_word' id='word_1_215' title='bbox 495 2886 613 2956; x_wconf 84' lang='lat' dir='ltr'>appellat</span> <span class='ocrx_word' id='word_1_216' title='bbox 625 2884 658 2937; x_wconf 92' lang='lat' dir='ltr'>li·</span> <span class='ocrx_word' id='word_1_217' title='bbox 700 2902 745 2938; x_wconf 84' lang='lat' dir='ltr'>sus</span> <span class='ocrx_word' id='word_1_218' title='bbox 758 2906 772 2938; x_wconf 83' lang='lat' dir='ltr'>a</span> <span class='ocrx_word' id='word_1_219' title='bbox 787 2898 813 2938; x_wconf 84' lang='lat' dir='ltr'>te</span> <span class='ocrx_word' id='word_1_220' title='bbox 827 2897 856 2938; x_wconf 92' lang='lat' dir='ltr'>ut</span> <span class='ocrx_word' id='word_1_221' title='bbox 872 2886 981 2939; x_wconf 81' lang='lat' dir='ltr'>salivam</span> <span class='ocrx_word' id='word_1_222' title='bbox 998 2887 1088 2958; x_wconf 81' lang='lat' dir='ltr'>ejicias</span> <span class='ocrx_word' id='word_1_223' title='bbox 1108 2904 1154 2939; x_wconf 87' lang='lat' dir='ltr'>aer</span> <span class='ocrx_word' id='word_1_224' title='bbox 1172 2885 1215 2938; x_wconf 89' lang='lat' dir='ltr'>iu·</span> 
     </span>
     <span class='ocr_line' id='line_1_28' title="bbox 147 2964 958 3035; baseline 0.002 -19"><span class='ocrx_word' id='word_1_225' title='bbox 147 2964 253 3029; x_wconf 68' lang='lat' dir='ltr'>chenus,</span> <span class='ocrx_word' id='word_1_226' title='bbox 266 2982 322 3018; x_wconf 87' lang='lat' dir='ltr'>non</span> <span class='ocrx_word' id='word_1_227' title='bbox 333 2966 516 3018; x_wconf 85' lang='lat' dir='ltr'>Romanorum</span> <span class='ocrx_word' id='word_1_228' title='bbox 524 2977 659 3018; x_wconf 83' lang='lat' dir='ltr'>sanctem·</span> <span class='ocrx_word' id='word_1_229' title='bbox 700 2978 818 3019; x_wconf 88' lang='lat' dir='ltr'>trorsum</span> <span class='ocrx_word' id='word_1_230' title='bbox 833 2966 895 3035; x_wconf 77' lang='lat' dir='ltr'>egit.</span> <span class='ocrx_word' id='word_1_231' title='bbox 908 2965 958 3018; x_wconf 84' lang='lat' dir='ltr'>As.</span> 
     </span>
     <span class='ocr_line' id='line_1_29' title="bbox 147 3043 1215 3115; baseline -0.001 -17"><span class='ocrx_word' id='word_1_232' title='bbox 147 3060 207 3115; x_wconf 81' lang='lat' dir='ltr'>pore</span> <span class='ocrx_word' id='word_1_233' title='bbox 227 3046 256 3099; x_wconf 90' lang='lat' dir='ltr'>in</span> <span class='ocrx_word' id='word_1_234' title='bbox 280 3045 359 3098; x_wconf 80' lang='lat' dir='ltr'>telem</span> <span class='ocrx_word' id='word_1_235' title='bbox 376 3062 517 3098; x_wconf 85' lang='lat' dir='ltr'>numerum</span> <span class='ocrx_word' id='word_1_236' title='bbox 535 3058 560 3098; x_wconf 89' lang='lat' dir='ltr'>et</span> <span class='ocrx_word' id='word_1_237' title='bbox 575 3056 614 3097; x_wconf 90' lang='lat' dir='ltr'>tot</span> <span class='ocrx_word' id='word_1_238' title='bbox 629 3046 657 3097; x_wconf 89' lang='lat' dir='ltr'>iu</span> <span class='ocrx_word' id='word_1_239' title='bbox 744 3048 786 3097; x_wconf 75' lang='grc' dir='ltr'>ιδ.</span> <span class='ocrx_word' id='word_1_240' title='bbox 804 3046 925 3098; x_wconf 86' lang='lat' dir='ltr'>lllarcion.</span> <span class='ocrx_word' id='word_1_241' title='bbox 945 3046 984 3097; x_wconf 88' lang='lat' dir='ltr'>Ita</span> <span class='ocrx_word' id='word_1_242' title='bbox 1004 3043 1067 3096; x_wconf 88' lang='lat' dir='ltr'>libri</span> <span class='ocrx_word' id='word_1_243' title='bbox 1082 3060 1215 3097; x_wconf 88' lang='lat' dir='ltr'>saneorn·</span> 
     </span>
     <span class='ocr_line' id='line_1_30' title="bbox 148 3122 1216 3196; baseline 0 -18"><span class='ocrx_word' id='word_1_244' title='bbox 148 3126 242 3196; x_wconf 80' lang='lat' dir='ltr'>species</span> <span class='ocrx_word' id='word_1_245' title='bbox 259 3124 355 3177; x_wconf 73' lang='lat' dir='ltr'>abiisse</span> <span class='ocrx_word' id='word_1_246' title='bbox 373 3126 460 3190; x_wconf 85' lang='lat' dir='ltr'>visos,</span> <span class='ocrx_word' id='word_1_247' title='bbox 486 3143 565 3195; x_wconf 84' lang='lat' dir='ltr'>quam</span> <span class='ocrx_word' id='word_1_248' title='bbox 584 3136 658 3178; x_wconf 73' lang='lat' dir='ltr'>etete</span> <span class='ocrx_word' id='word_1_249' title='bbox 701 3144 762 3189; x_wconf 85' lang='lat' dir='ltr'>nes,</span> <span class='ocrx_word' id='word_1_250' title='bbox 784 3124 862 3176; x_wconf 84' lang='lat' dir='ltr'>etiam</span> <span class='ocrx_word' id='word_1_251' title='bbox 877 3123 952 3176; x_wconf 87' lang='lat' dir='ltr'>lllSS.</span> <span class='ocrx_word' id='word_1_252' title='bbox 972 3122 1018 3176; x_wconf 88' lang='lat' dir='ltr'>sed</span> <span class='ocrx_word' id='word_1_253' title='bbox 1040 3141 1130 3177; x_wconf 83' lang='lat' dir='ltr'>errore</span> <span class='ocrx_word' id='word_1_254' title='bbox 1142 3122 1216 3178; x_wconf 89' lang='lat' dir='ltr'>haud</span> 
     </span>
     <span class='ocr_line' id='line_1_31' title="bbox 148 3202 1213 3270; baseline 0.002 -14"><span class='ocrx_word' id='word_1_255' title='bbox 148 3202 192 3258; x_wconf 79' lang='lat' dir='ltr'>linc</span> <span class='ocrx_word' id='word_1_256' title='bbox 205 3218 296 3258; x_wconf 76' lang='lat' dir='ltr'>nostra</span> <span class='ocrx_word' id='word_1_257' title='bbox 309 3205 369 3258; x_wconf 84' lang='lat' dir='ltr'>fieri</span> <span class='ocrx_word' id='word_1_258' title='bbox 384 3202 513 3257; x_wconf 85' lang='lat' dir='ltr'>ridemus.</span> <span class='ocrx_word' id='word_1_259' title='bbox 531 3207 577 3257; x_wconf 69' lang='lat' dir='ltr'>Aa</span> <span class='ocrx_word' id='word_1_260' title='bbox 701 3204 803 3270; x_wconf 86' lang='lat' dir='ltr'>dubio,</span> <span class='ocrx_word' id='word_1_261' title='bbox 817 3217 846 3256; x_wconf 90' lang='lat' dir='ltr'>ut</span> <span class='ocrx_word' id='word_1_262' title='bbox 859 3205 886 3257; x_wconf 88' lang='lat' dir='ltr'>in</span> <span class='ocrx_word' id='word_1_263' title='bbox 898 3203 992 3257; x_wconf 89' lang='lat' dir='ltr'>lndicc</span> <span class='ocrx_word' id='word_1_264' title='bbox 1002 3217 1140 3257; x_wconf 82' lang='lat' dir='ltr'>auctorum</span> <span class='ocrx_word' id='word_1_265' title='bbox 1154 3224 1213 3258; x_wconf 90' lang='lat' dir='ltr'>mo·</span> 
     </span>
    </p>

    <p class='ocr_par' dir='ltr' id='par_1_6' title="bbox 149 3283 1217 3516">
     <span class='ocr_line' id='line_1_32' title="bbox 186 3283 923 3338; baseline -0.001 0"><span class='ocrx_word' id='word_1_266' title='bbox 186 3284 231 3338; x_wconf 80' lang='lat'>13.</span> <span class='ocrx_word' id='word_1_267' title='bbox 244 3284 324 3337; x_wconf 82' lang='lat' dir='ltr'>Malo.</span> <span class='ocrx_word' id='word_1_268' title='bbox 341 3283 545 3338; x_wconf 79' lang='lat' dir='ltr'>Aristoloclriam</span> <span class='ocrx_word' id='word_1_269' title='bbox 561 3284 659 3336; x_wconf 85' lang='lat' dir='ltr'>intelli·</span> <span class='ocrx_word' id='word_1_270' title='bbox 702 3286 818 3338; x_wconf 86' lang='lat' dir='ltr'>nuimus.</span> <span class='ocrx_word' id='word_1_271' title='bbox 835 3283 923 3337; x_wconf 74' lang='lat' dir='ltr'>Hinc.</span> 
     </span>
     <span class='ocr_line' id='line_1_33' title="bbox 149 3362 1215 3436; baseline 0 -20"><span class='ocrx_word' id='word_1_272' title='bbox 149 3362 200 3433; x_wconf 70' lang='lat' dir='ltr'>git,</span> <span class='ocrx_word' id='word_1_273' title='bbox 222 3363 298 3436; x_wconf 87' lang='lat' dir='ltr'>quod</span> <span class='ocrx_word' id='word_1_274' title='bbox 319 3364 420 3417; x_wconf 84' lang='lat' dir='ltr'>melum</span> <span class='ocrx_word' id='word_1_275' title='bbox 444 3376 520 3417; x_wconf 77' lang='lat' dir='ltr'>terre</span> <span class='ocrx_word' id='word_1_276' title='bbox 543 3362 660 3417; x_wconf 86' lang='lat' dir='ltr'>vidimus</span> <span class='ocrx_word' id='word_1_277' title='bbox 745 3382 789 3435; x_wconf 89' lang='lat'>¹7·</span> <span class='ocrx_word' id='word_1_278' title='bbox 805 3365 845 3416; x_wconf 83' lang='lat' dir='ltr'>De</span> <span class='ocrx_word' id='word_1_279' title='bbox 858 3363 1005 3434; x_wconf 79' lang='lat' dir='ltr'>simplicibus</span> <span class='ocrx_word' id='word_1_280' title='bbox 1019 3364 1145 3429; x_wconf 72' lang='lat' dir='ltr'>effectibus</span> <span class='ocrx_word' id='word_1_281' title='bbox 1153 3368 1215 3417; x_wconf 81' lang='lat' dir='ltr'>scri·</span> 
     </span>
     <span class='ocr_line' id='line_1_34' title="bbox 150 3441 1217 3516; baseline 0.001 -22"><span class='ocrx_word' id='word_1_282' title='bbox 150 3444 272 3516; x_wconf 78' lang='lat' dir='ltr'>appellari</span> <span class='ocrx_word' id='word_1_283' title='bbox 285 3441 377 3509; x_wconf 83' lang='lat' dir='ltr'>XXV,</span> <span class='ocrx_word' id='word_1_284' title='bbox 393 3443 439 3507; x_wconf 69' lang='grc'>54.</span> <span class='ocrx_word' id='word_1_285' title='bbox 456 3443 546 3496; x_wconf 76' lang='lat' dir='ltr'>Hinn.</span> <span class='ocrx_word' id='word_1_286' title='bbox 698 3447 758 3515; x_wconf 77' lang='lat' dir='ltr'>psit.</span> <span class='ocrx_word' id='word_1_287' title='bbox 769 3444 949 3516; x_wconf 86' lang='lat' dir='ltr'>Simplicium.</span> <span class='ocrx_word' id='word_1_288' title='bbox 962 3442 1005 3498; x_wconf 83' lang='lat' dir='ltr'>sic</span> <span class='ocrx_word' id='word_1_289' title='bbox 1018 3444 1136 3497; x_wconf 77' lang='lat' dir='ltr'>Galenus</span> <span class='ocrx_word' id='word_1_290' title='bbox 1155 3462 1217 3496; x_wconf 86' lang='lat' dir='ltr'>suos</span> 
     </span>
    </p>

    <p class='ocr_par' dir='ltr' id='par_1_7' title="bbox 151 3521 1220 4076">
     <span class='ocr_line' id='line_1_35' title="bbox 188 3521 1215 3596; baseline -0.001 -20"><span class='ocrx_word' id='word_1_291' title='bbox 188 3531 233 3587; x_wconf 67' lang='lat' dir='ltr'>ri.</span> <span class='ocrx_word' id='word_1_292' title='bbox 253 3523 368 3578; x_wconf 80' lang='lat' dir='ltr'>Cervicis.</span> <span class='ocrx_word' id='word_1_293' title='bbox 394 3523 463 3577; x_wconf 87' lang='lat' dir='ltr'>Plin.</span> <span class='ocrx_word' id='word_1_294' title='bbox 479 3522 540 3576; x_wconf 72' lang='lat' dir='ltr'>vat.</span> <span class='ocrx_word' id='word_1_295' title='bbox 557 3524 586 3586; x_wconf 89' lang='lat'>1,</span> <span class='ocrx_word' id='word_1_296' title='bbox 602 3521 658 3586; x_wconf 66' lang='lat'>56:</span> <span class='ocrx_word' id='word_1_297' title='bbox 701 3524 924 3596; x_wconf 86' lang='lat' dir='ltr'>librosinscripsit</span> <span class='ocrx_word' id='word_1_298' title='bbox 935 3543 942 3576; x_wconf 91' lang='lat'><strong>:</strong></span> <span class='ocrx_word' id='word_1_299' title='bbox 952 3523 1007 3594; x_wconf 73' lang='lat' dir='ltr'>espl</span> <span class='ocrx_word' id='word_1_300' title='bbox 1017 3528 1061 3586; x_wconf 71' lang='grc' dir='ltr'>τῆς</span> <span class='ocrx_word' id='word_1_301' title='bbox 1073 3528 1121 3578; x_wconf 71' lang='lat' dir='ltr'>eto</span> <span class='ocrx_word' id='word_1_302' title='bbox 1130 3526 1215 3576; x_wconf 76' lang='grc' dir='ltr'>ἁπλῶν</span> 
     </span>
     <span class='ocr_line' id='line_1_36' title="bbox 154 3600 1216 3675; baseline 0 -19"><span class='ocrx_word' id='word_1_303' title='bbox 154 3604 208 3656; x_wconf 76' lang='lat' dir='ltr'>«lu</span> <span class='ocrx_word' id='word_1_304' title='bbox 218 3604 353 3657; x_wconf 76' lang='lat' dir='ltr'>cervicum</span> <span class='ocrx_word' id='word_1_305' title='bbox 368 3602 476 3668; x_wconf 85' lang='lat' dir='ltr'>dolore,</span> <span class='ocrx_word' id='word_1_306' title='bbox 493 3604 596 3672; x_wconf 88' lang='lat' dir='ltr'>inquit,</span> <span class='ocrx_word' id='word_1_307' title='bbox 609 3621 659 3675; x_wconf 92' lang='lat' dir='ltr'>po·</span> <span class='ocrx_word' id='word_1_308' title='bbox 702 3600 840 3674; x_wconf 74' lang='grc' dir='ltr'>δυνάμεως.</span> <span class='ocrx_word' id='word_1_309' title='bbox 857 3606 956 3657; x_wconf 70' lang='lat' dir='ltr'>Drino.</span> <span class='ocrx_word' id='word_1_310' title='bbox 966 3605 1063 3657; x_wconf 87' lang='lat' dir='ltr'>-De.</span> <span class='ocrx_word' id='word_1_311' title='bbox 1084 3604 1123 3656; x_wconf 85' lang='lat' dir='ltr'>Ita</span> <span class='ocrx_word' id='word_1_312' title='bbox 1140 3602 1216 3657; x_wconf 82' lang='lat' dir='ltr'><strong>MSS.</strong></span> 
     </span>
     <span class='ocr_line' id='line_1_37' title="bbox 151 3682 1218 3754; baseline 0.001 -20"><span class='ocrx_word' id='word_1_313' title='bbox 151 3682 222 3750; x_wconf 84' lang='lat' dir='ltr'>plites</span> <span class='ocrx_word' id='word_1_314' title='bbox 230 3682 331 3736; x_wconf 87' lang='lat' dir='ltr'>utiliter</span> <span class='ocrx_word' id='word_1_315' title='bbox 340 3684 484 3749; x_wconf 53' lang='lat' dir='ltr'>triennium</span> <span class='ocrx_word' id='word_1_316' title='bbox 493 3697 543 3735; x_wconf 87' lang='lat' dir='ltr'>ete</span> <span class='ocrx_word' id='word_1_317' title='bbox 553 3682 659 3736; x_wconf 80' lang='lat' dir='ltr'>diverso</span> <span class='ocrx_word' id='word_1_318' title='bbox 702 3685 809 3737; x_wconf 83' lang='lat' dir='ltr'>Rectius</span> <span class='ocrx_word' id='word_1_319' title='bbox 821 3685 905 3745; x_wconf 83' lang='lat' dir='ltr'>forte,</span> <span class='ocrx_word' id='word_1_320' title='bbox 917 3683 947 3736; x_wconf 84' lang='lat' dir='ltr'>de</span> <span class='ocrx_word' id='word_1_321' title='bbox 956 3685 1106 3754; x_wconf 74' lang='lat' dir='ltr'>simplicium.</span> <span class='ocrx_word' id='word_1_322' title='bbox 1116 3682 1154 3735; x_wconf 91' lang='lat' dir='ltr'>Ut</span> <span class='ocrx_word' id='word_1_323' title='bbox 1166 3682 1218 3735; x_wconf 86' lang='lat' dir='ltr'>Ga·</span> 
     </span>
     <span class='ocr_line' id='line_1_38' title="bbox 152 3758 1218 3834; baseline 0.002 -22"><span class='ocrx_word' id='word_1_324' title='bbox 152 3758 176 3814; x_wconf 89' lang='lat' dir='ltr'>in</span> <span class='ocrx_word' id='word_1_325' title='bbox 187 3761 558 3834; x_wconf 83' lang='lat' dir='ltr'>poplitumdolorecervicem</span> <span class='ocrx_word' id='word_1_326' title='bbox 569 3764 660 3816; x_wconf 81' lang='lat' dir='ltr'>fricari</span> <span class='ocrx_word' id='word_1_327' title='bbox 704 3764 779 3816; x_wconf 86' lang='lat' dir='ltr'>lenus</span> <span class='ocrx_word' id='word_1_328' title='bbox 803 3764 887 3816; x_wconf 86' lang='lat' dir='ltr'>libros</span> <span class='ocrx_word' id='word_1_329' title='bbox 912 3765 1047 3834; x_wconf 86' lang='lat' dir='ltr'>inscripsit</span> <span class='ocrx_word' id='word_1_330' title='bbox 1073 3762 1218 3828; x_wconf 90' lang='lat' dir='ltr'>undecim,</span> 
     </span>
     <span class='ocr_line' id='line_1_39' title="bbox 153 3840 1218 3915; baseline 0.001 -23"><span class='ocrx_word' id='word_1_331' title='bbox 153 3841 293 3896; x_wconf 87' lang='lat' dir='ltr'>remedium</span> <span class='ocrx_word' id='word_1_332' title='bbox 308 3856 356 3897; x_wconf 87' lang='lat' dir='ltr'>est.</span> <span class='ocrx_word' id='word_1_333' title='bbox 369 3868 381 3889; x_wconf 71' lang='grc' dir='ltr'>ι</span> <span class='ocrx_word' id='word_1_334' title='bbox 405 3844 517 3896; x_wconf 81' lang='lat' dir='ltr'>Salivam</span> <span class='ocrx_word' id='word_1_335' title='bbox 534 3843 579 3896; x_wconf 87' lang='lat' dir='ltr'>ille</span> <span class='ocrx_word' id='word_1_336' title='bbox 592 3843 660 3915; x_wconf 80' lang='lat' dir='ltr'>adji-</span> <span class='ocrx_word' id='word_1_337' title='bbox 703 3845 758 3914; x_wconf 76' lang='grc' dir='ltr'>περὶ</span> <span class='ocrx_word' id='word_1_338' title='bbox 772 3843 881 3914; x_wconf 67' lang='lat' dir='ltr'>epolonii</span> <span class='ocrx_word' id='word_1_339' title='bbox 903 3865 930 3897; x_wconf 81' lang='grc' dir='ltr'>τι</span> <span class='ocrx_word' id='word_1_340' title='bbox 942 3845 996 3896; x_wconf 71' lang='grc' dir='ltr'>’καὶ</span> <span class='ocrx_word' id='word_1_341' title='bbox 1016 3840 1146 3914; x_wconf 66' lang='grc' dir='ltr'>δυνάμεων</span> <span class='ocrx_word' id='word_1_342' title='bbox 1167 3851 1218 3894; x_wconf 75' lang='grc' dir='ltr'>τῶν</span> 
     </span>
     <span class='ocr_line' id='line_1_40' title="bbox 155 3920 1058 3994; baseline 0.001 -20"><span class='ocrx_word' id='word_1_343' title='bbox 155 3938 206 3974; x_wconf 84' lang='lat' dir='ltr'>cere</span> <span class='ocrx_word' id='word_1_344' title='bbox 217 3923 392 3993; x_wconf 74' lang='lat' dir='ltr'>pretermisit.</span> <span class='ocrx_word' id='word_1_345' title='bbox 404 3924 566 3994; x_wconf 78' lang='lat' dir='ltr'>Diligentius</span> <span class='ocrx_word' id='word_1_346' title='bbox 575 3925 660 3977; x_wconf 79' lang='lat' dir='ltr'>Marc.</span> <span class='ocrx_word' id='word_1_347' title='bbox 705 3925 789 3976; x_wconf 80' lang='grc' dir='ltr'>ἁπλῶν</span> <span class='ocrx_word' id='word_1_348' title='bbox 808 3927 954 3994; x_wconf 70' lang='grc' dir='ltr'>φαρμνὶκων.</span> <span class='ocrx_word' id='word_1_349' title='bbox 966 3920 1058 3975; x_wconf 73' lang='lat' dir='ltr'>Hunn-</span> 
     </span>
     <span class='ocr_line' id='line_1_41' title="bbox 157 3998 1220 4076; baseline -0.001 -21"><span class='ocrx_word' id='word_1_350' title='bbox 157 3998 225 4073; x_wconf 76' lang='lat' dir='ltr'>Emp.</span> <span class='ocrx_word' id='word_1_351' title='bbox 246 4022 306 4075; x_wconf 73' lang='lat' dir='ltr'>cup.</span> <span class='ocrx_word' id='word_1_352' title='bbox 324 4020 413 4069; x_wconf 77' lang='lat' dir='ltr'>xvim,</span> <span class='ocrx_word' id='word_1_353' title='bbox 430 4021 489 4076; x_wconf 81' lang='lat' dir='ltr'>pag.</span> <span class='ocrx_word' id='word_1_354' title='bbox 506 4022 558 4074; x_wconf 86' lang='lat'>¹²7</span> <span class='ocrx_word' id='word_1_355' title='bbox 574 4022 581 4057; x_wconf 90' lang='lat'>:</span> <span class='ocrx_word' id='word_1_356' title='bbox 596 4032 607 4053; x_wconf 82' lang='grc' dir='ltr'>ι</span> <span class='ocrx_word' id='word_1_357' title='bbox 619 4001 660 4056; x_wconf 79' lang='lat' dir='ltr'>Ad</span> <span class='ocrx_word' id='word_1_358' title='bbox 750 4005 794 4058; x_wconf 88' lang='lat'>18.</span> <span class='ocrx_word' id='word_1_359' title='bbox 808 4002 905 4075; x_wconf 80' lang='lat' dir='ltr'>Rumpi.</span> <span class='ocrx_word' id='word_1_360' title='bbox 912 4002 945 4058; x_wconf 91' lang='lat' dir='ltr'>ld</span> <span class='ocrx_word' id='word_1_361' title='bbox 959 4002 1031 4056; x_wconf 86' lang='lat' dir='ltr'>enim</span> <span class='ocrx_word' id='word_1_362' title='bbox 1040 4001 1164 4076; x_wconf 88' lang='lat' dir='ltr'>prodidit</span> <span class='ocrx_word' id='word_1_363' title='bbox 1175 4006 1220 4054; x_wconf 70' lang='grc' dir='ltr'>Ε-</span> 
     </span>
    </p>
   </div>
   <div class='ocr_carea' id='block_1_4' title="bbox 0 0 1376 4800">
    <p class='ocr_par' dir='ltr' id='par_1_8' title="bbox 0 0 1376 4800">
     <span class='ocr_line' id='line_1_42' title="bbox 0 0 1376 4800; baseline 0 0"><span class='ocrx_word' id='word_1_364' title='bbox 0 0 1376 4800; x_wconf 95' lang='lat' dir='ltr'> </span> 
     </span>
    </p>
   </div>
  </div>
 </body>
</html>
