2700 4800
416 386 784 458 nrsnnxxmn.
876 399 879 404 ·
1085 393 1196 484 lt

64 522 202 608 vicinos,
220 544 262 589 ex
276 517 373 614 quo¹¹
391 543 530 616 quaeque
549 523 758 616 conceperit,
770 522 797 589 si
815 521 927 590 cinctu
943 546 1004 590 suo
1022 519 1132 592 soluto

64 628 216 697 feminam
236 628 393 714 cinxerit,
417 627 492 696 dein
513 625 671 711 solverit,
700 624 861 722 adjecta¹²
882 630 1072 722 precatione
1096 655 1131 699 sc

61 736 220 818 vinxisse,
240 733 394 802 eumdem
416 749 449 803 et
465 732 669 820 soluturum,
689 748 789 828 atque
808 733 934 802 abierit.

108 843 154 909 X.
183 837 373 935 Sanguine¹
398 841 499 934 ipsius
529 839 691 922 hominis,
722 865 766 909 ex
798 864 1008 935 quacumque
1036 855 1162 936 parter

60 946 199 1033 emisso,
220 946 448 1015 efficacissime
470 948 626 1041 anginam
649 944 731 1015 illini
753 943 890 1016 tradunt
915 946 1073 1041 Orpheus
1097 963 1132 1017 et

59 1052 264 1122 Archelaus:
284 1053 362 1122 item
376 1077 454 1141 ora,
469 1049 650 1122 comitiali²
670 1052 789 1121 morbo
807 1051 974 1147 lapsorum
992 1077 1000 1119 ε
1017 1078 1130 1124 exsur-

60 1183 136 1252 gere
157 1159 249 1228 enim
270 1163 433 1253 protinus.
453 1144 617 1248 Quidam³
638 1161 665 1227 si
681 1158 817 1254 pollices
837 1158 959 1254 pedum
979 1184 1130 1254 pungan-

60 1279 261 1360 tur„exque
277 1264 330 1335 his
353 1279 454 1360 guttae
480 1264 667 1333 referantur
693 1267 728 1333 in
749 1265 891 1334 faciem:
913 1279 971 1334 out
989 1268 1016 1334 si
1033 1269 1129 1360 virgo

59 1371 177 1441 dextro
196 1370 318 1466 pollice
336 1374 477 1466 attingat
496 1397 503 1439 :
523 1371 587 1439 hac
608 1371 801 1465 conjectura
830 1386 1001 1442 censentes
1027 1375 1128 1468 virgi·

61 1465 139 1546 nes⁴
158 1501 276 1547 carnes
298 1478 450 1547 edendas.
466 1463 651 1547 AEschines⁵
670 1478 878 1547 Atheniensis
900 1495 1129 1549 excremento·

61 1598 134 1654 rum
155 1586 269 1654 cinere
296 1586 425 1679 anginis
448 1583 654 1665 medebatur,
677 1599 711 1653 et
728 1583 884 1667 tonsillis,
911 1586 1066 1679 uvisque,
1096 1603 1131 1656 et

61 1691 305 1760 carcinomatis.
349 1694 424 1759 Hoc
460 1689 738 1760 medicamentum
775 1691 917 1760 vocabat
951 1678 1128 1785 botryon⁶.

62 1794 190 1889 Multa⁷
205 1821 328 1892 genera
336 1796 530 1867 morborum
538 1797 648 1891 primo
663 1798 755 1866 coitu
763 1795 949 1883 solvuntur,
957 1800 1130 1894 primoque
1150 1831 1163 1865 2

59 2056 142 2113 pertin
154 2047 246 2097 celeret
258 2047 358 2099 boemos.
372 2048 434 2100 Aut.
449 2048 573 2101 herentes.
617 2046 719 2101 idcirco
732 2048 880 2100 catulorum
893 2066 998 2114 cernes,
1012 2050 1131 2122 quiante

62 2122 152 2179 Grot.
568 2154 573 2163 ,
617 2128 911 2186 coitumcsesisuerint‚
924 2127 1040 2182 edendas
1051 2131 1132 2183 comi·

101 2222 147 2259 rr.
166 2205 211 2258 Et
231 2226 286 2280 quo.
306 2206 358 2257 Vir
380 2206 452 2276 ipse,
469 2226 501 2259 ex
519 2225 573 2279 quo
617 2208 723 2260 tislibus
736 2207 837 2261 morbis
851 2208 1020 2278 precipiunt.
1035 2210 1129 2262 Hesio,

61 2283 156 2338 mulier·
169 2304 284 2357 queque
297 2286 459 2356 conceperit.
478 2286 572 2340 Hsno.
660 2287 686 2340 5.
706 2288 845 2353 AEseltioes.
866 2288 898 2339 In
910 2288 986 2340 libris
1006 2286 1040 2341 ud
1058 2289 1131 2342 hunc

102 2382 147 2418 ss.
164 2366 281 2435 Adjecte.
299 2363 357 2419 Hoc
375 2378 430 2427 est,
450 2366 501 2418 hac
518 2368 573 2418 lor·
618 2366 688 2420 diem
712 2365 805 2431 editis,
826 2387 857 2418 ee
876 2379 1031 2419 emmatorum
1054 2372 1132 2421 ciuem

62 2444 148 2497 touls:
164 2446 226 2498 *Te
241 2445 330 2510 vinxi,
349 2458 374 2498 te
393 2463 499 2517 quoque
521 2448 573 2499 sol·
618 2447 727 2517 legitur,
740 2447 837 2517 insigni
851 2446 946 2499 menda
956 2466 964 2511 ;
975 2466 1053 2519 quam
1065 2468 1132 2520 prse-

62 2540 129 2576 tatn.
139 2549 151 2572 ι
168 2525 260 2578 Han.
619 2538 659 2578 ter
671 2525 774 2579 codices
783 2529 847 2598 Reg.
864 2546 877 2578 s
892 2539 919 2579 et
931 2528 982 2580 Ch.
993 2526 1132 2583 editiones·

100 2604 134 2656 X.
148 2627 173 2658 ι.
187 2603 321 2675 Sanguine.
332 2604 402 2657 Plin.
412 2605 473 2658 val.
488 2606 511 2672 1,
529 2605 573 2658 52.
618 2624 671 2677 que
689 2606 816 2659 Venetam
833 2620 859 2660 et
872 2607 1054 2674 Parmensem,
1072 2628 1132 2681 quse

63 2682 149 2737 lluo.
619 2699 681 2739 sunt
696 2686 816 2738 omniurn
827 2688 1021 2753 vetustissime,
1035 2689 1063 2741 in
1075 2691 1134 2760 qui·

103 2783 128 2817 2.
146 2764 274 2819 Comitiali
290 2764 371 2816 morbo
387 2765 516 2835 lapsorum.
534 2767 574 2818 Ex
618 2766 669 2818 hus
685 2779 883 2818 excrementorum
904 2766 1000 2820 diserte
1020 2769 1132 2837 legitur,

64 2841 180 2897 (mittet.
192 2857 289 2897 notant
303 2845 367 2896 malo
381 2864 433 2897 cum
445 2846 573 2916 lapsorum.
619 2844 743 2899 emendat
761 2846 866 2917 egregie
885 2846 961 2899 locus
979 2847 1052 2899 Sexti
1072 2848 1132 2901 Pla-

63 2922 138 2976 Voss.
152 2924 327 2994 eoniopsorum.
342 2923 434 2977 Gnost.
619 2926 717 2990 tonici,
731 2944 788 2997 cap.
810 2944 853 2997 17,
867 2923 900 2978 de
913 2945 1013 2997 puero,
1034 2927 1075 2980 tit.
1096 2945 1132 2996 9,

101 3003 127 3057 3.
148 3003 266 3074 Quidam.
287 3003 387 3057 Similis
405 3003 574 3058 Habderrah·
618 3004 653 3057 sd
663 3017 859 3058 canceromata:
875 3006 1018 3057 ullominis
1031 3017 1133 3062 stercus

62 3083 576 3155 manipraeceptio,interpreteEcchel-
619 3085 805 3147 combustum,
825 3085 929 3155 inquit,
951 3097 977 3137 et
996 3085 1024 3137 in
1043 3086 1133 3141 ulcera

62 3160 140 3228 lensi,
152 3181 212 3235 esp.
232 3183 257 3228 r,
273 3183 346 3217 num.
362 3182 415 3217 ss:
436 3190 447 3212 ι
460 3164 576 3218 Maniaci
619 3182 757 3216 cancerosa
766 3176 792 3216 et
802 3164 957 3216 incunabilis
965 3163 1132 3236 adspersum

60 3244 160 3295 corano
175 3244 214 3295 ita
228 3243 382 3297 fitzlncide
396 3245 510 3296 maniaci
525 3245 575 3298 ho·
620 3262 711 3314 eopro
720 3262 817 3314 magno
827 3241 947 3296 remedio
957 3246 1048 3310 utitor,
1057 3246 1132 3318 quod
1230 3302 1237 3319 Ι
1315 3264 1319 3271 ’

61 3322 141 3375 minis
171 3323 300 3395 pollices,
326 3324 484 3395 sanguinem
510 3324 576 3377 inde
619 3324 714 3376 melius
729 3323 877 3396 appellatur
897 3325 1019 3396 botrye·
1040 3326 1132 3380 llssn.

61 3401 214 3455 effluentem
229 3404 339 3473 excipe,
353 3405 496 3456 commisce
515 3423 576 3457 cum
661 3407 689 3457 6.
710 3404 766 3455 Hoc
790 3404 873 3455 medic.
899 3405 1003 3456 vocabat
1023 3405 1132 3480 botryon.

61 3480 159 3548 lerina,
171 3495 222 3535 etc.
234 3509 246 3529 ·
262 3485 330 3536 Item
342 3482 479 3536 Theodori
492 3483 576 3537 Prisc.
620 3481 700 3537 Sexto
709 3484 863 3545 Platonico,
875 3484 979 3551 Botrys,
991 3484 1025 3537 de
1035 3504 1135 3555 puero,

61 3561 114 3613 tt:
127 3563 179 3614 «In
190 3562 255 3634 ipsis
265 3583 329 3616 vero
340 3565 576 3628 commotionibus,
620 3582 646 3616 c.
663 3581 712 3632 17,
729 3582 784 3616 non
799 3561 873 3635 quod
888 3583 947 3617 urse
966 3567 1061 3619 morbo
1077 3585 1133 3619 me·

61 3640 249 3712 sisenguinem
259 3641 293 3696 de
304 3645 362 3714 ejus
375 3643 475 3714 pedum
487 3642 578 3715 digitis
621 3641 731 3706 deutur,
754 3657 783 3695 ot
804 3655 881 3713 putat
903 3646 1109 3716 Humelhergius
1125 3665 1132 3698 ε

62 3720 147 3774 elicias
161 3740 272 3795 quoquo
285 3734 382 3795 pacto,
398 3735 424 3775 et
435 3726 491 3792 ejus
503 3725 578 3776 lron·
621 3722 690 3775 hanc
705 3723 775 3775 enim
791 3743 869 3776 uvam
883 3743 963 3776 nemo
975 3725 1073 3796 botryo
1087 3745 1133 3795 ap·

63 3812 309 3874 temexeotsogas,
320 3804 437 3857 etlsbia:
449 3805 578 3856 continuo
622 3802 722 3873 pellat:
742 3801 787 3855 sed
804 3802 879 3875 quod
897 3823 955 3855 uvae
974 3804 1061 3857 forsan
1078 3824 1135 3857 ma·

64 3881 211 3949 exsurgit.»
231 3881 321 3936 llsrn.
624 3894 690 3934 turae
703 3881 784 3937 modo
798 3883 936 3954 nigrescat,
951 3884 1039 3936 llsno.

104 3967 130 4022 4.
146 3962 272 4031 Virgines.
292 3960 374 4027 Quod
388 3963 518 4034 virginem
536 3963 579 4015 vel
665 3981 692 4031 7.
705 3962 794 4014 illuita.
805 3963 864 4015 Hoc
874 3963 952 4016 etiam
963 3964 1138 4036 Hippocrates

67 4056 117 4090 uuo
137 4052 212 4094 tectu
235 4041 362 4114 prodesse
381 4044 579 4110 intellexerint,
625 4040 762 4112 prodidit,
783 4043 810 4096 S.
827 4044 886 4107 ΙΙΙ,
903 4044 964 4113 aph.
982 4048 1035 4106 28,
1056 4063 1137 4116 quem
