2700 4800
164 339 211 413 30
437 341 475 410 C.
502 339 669 410 PLINII
693 337 800 408 NAT.
823 340 956 408 HIST.

129 487 144 543 t
164 474 290 569 pysmis
308 471 464 558 adorare,
487 496 668 541 consensus
690 471 838 566 gentium
857 485 919 540 est.
940 456 1129 542 Incendia²⁶
1146 473 1238 546 inter

162 578 276 675 epulas
290 580 477 662 nominata,
493 580 587 672 aquis
598 579 661 648 sub
676 601 807 647 mensas
825 576 970 672 profusis
988 577 1234 651 abominamur.

162 685 352 755 Recedeute
370 684 480 778 aliquo
504 684 547 752 ab
574 683 699 779 epulis,
722 681 818 753 simul
840 710 928 753 verri
920 683 1078 753 ':solum
1097 700 1157 754 aut
1182 688 1233 757 bi·

163 793 260 861 beute
276 791 433 876 conviva,
451 814 600 859 mensam
612 789 664 859 vel
688 790 921 910 repositorium
942 787 1048 860 tolli²⁷
1056 792 1235 889 ,inauspi-

149 899 364 970 ratissimum
379 844 556 989 judicatur.
579 899 684 967 Servii
700 894 831 992 Sulpitii
845 881 1041 993 principis¹⁸
1062 898 1125 967 viri
1138 923 1234 970 com·

157 1116 249 1176 getam.
266 1106 325 1158 Hoc
345 1117 399 1170 eat,
418 1105 602 1176 complosione
615 1123 672 1158 ma·
713 1104 815 1156 Mausos
828 1105 989 1170 Turnebus,
1002 1105 1051 1159 lib.
1068 1107 1153 1172 xxl,
1169 1125 1232 1180 cap.

160 1204 254 1238 nuum
277 1186 404 1246 Ποππὺζω
421 1185 493 1237 enim
515 1203 571 1237 non
590 1184 672 1238 modo
717 1203 769 1248 as,
806 1183 917 1254 exponit
946 1185 1066 1248 fercula,
1094 1186 1234 1259 magides,

161 1264 306 1329 estsibilo,
319 1265 435 1328 licceat,
447 1263 674 1336 labriscompres·
711 1263 808 1316 lances.
832 1264 890 1334 Ego
912 1282 976 1317 vero
1003 1277 1132 1335 praeterea
1152 1268 1233 1338 panis

159 1344 347 1399 siaacntiorem
360 1342 502 1414 quemdam
511 1344 565 1397 oria
577 1362 673 1396 sonum
713 1341 848 1413 quadras,
862 1356 889 1395 et
902 1345 1014 1408 abacos,
1029 1345 1148 1416 quibus
1140 1365 1231 1418 sinpo-

160 1423 229 1478 edo.
246 1421 294 1478 sed
309 1436 336 1476 et
351 1422 506 1488 demulceo,
520 1422 620 1476 blande
632 1435 672 1475 at·
713 1424 828 1475 uebatur
841 1441 857 1474 e
870 1423 948 1477 lance
965 1437 1085 1495 sumptus
1098 1427 1175 1478 cibus
1187 1424 1232 1479 di-

160 1517 269 1569 erecto,
285 1502 422 1575 quomodo
443 1521 526 1576 equos
549 1501 671 1556 noudum
713 1500 875 1555 scindendus
901 1515 928 1555 et
950 1502 1129 1570 mandandus.
1152 1505 1231 1578 Virg.

159 1583 327 1654 perdomitos
363 1582 528 1636 adulamur:
553 1581 671 1653 denique
716 1582 906 1635 «Hensetiam
921 1602 1023 1636 mensas
1033 1584 1232 1649 consumimus,

160 1664 259 1717 collisis
274 1664 396 1716 manibus
412 1662 483 1715 inter
502 1680 529 1714 se
546 1663 670 1733 plausum
712 1661 800 1733 inquit
825 1662 910 1722 Iulus.
923 1688 935 1709 ι
961 1664 1017 1716 Hac
1040 1665 1231 1734 superstitione

160 1742 219 1797 edo.
234 1741 315 1814 Apud
329 1743 537 1814 Aristophanem
549 1743 577 1793 iu
589 1743 670 1813 Vesp.
712 1742 828 1813 persuasi
836 1741 922 1795 Greci
933 1743 983 1795 suls
993 1744 1134 1813 epularum
1144 1744 1229 1798 linem

159 1841 219 1895 pag.
235 1829 304 1894 474,
320 1823 458 1876 Philoclen
469 1819 579 1894 quidam
592 1840 672 1874 senex
712 1822 804 1891 ἀγαθοῦ
819 1818 936 1891 δαίμονος
951 1823 1099 1892 poculum,
1119 1841 1229 1878 merum

158 1903 195 1956 ita
203 1903 333 1974 loquitur,
347 1914 376 1956 ut
386 1922 414 1956 se
427 1902 498 1955 dicat
507 1919 672 1972 poppyssan·
710 1901 949 1965 circumferebant,
966 1920 996 1954 ac
1017 1902 1163 1963 bibebant,
1179 1901 1231 1958 de·

159 1982 529 2053 tibuslulguraturum.Tuuc
539 1982 672 2051 interpres
711 1979 774 2033 inde
786 1981 910 2052 protinus
931 1981 1030 2034 suferri
1050 2000 1169 2034 mensam
1181 1984 1230 2054 jn.

157 2062 357 2133 antiquissimus
383 2079 487 2114 morem
516 2061 590 2114 hunc
614 2079 670 2114 esse
710 2059 1073 2132 bebantltaqueDionysius
1087 2079 1172 2132 quum
1180 2080 1230 2116 an·

157 2142 213 2207 sit,
233 2143 272 2195 nti
294 2141 329 2195 ad
342 2142 469 2213 fulgetrae
479 2154 669 2212 poppyssetur.
710 2159 783 2192 ream
802 2158 921 2192 mensam
945 2159 977 2193 ex
999 2141 1144 2212 AEaculapii
1163 2141 1230 2197 fano

157 2222 249 2274 Verba
259 2223 328 2276 aenis
338 2222 394 2275 lanc
403 2234 483 2275 sunt:
497 2221 552 2290 Κᾷι
565 2220 669 2292 ἆςριίψῳ
710 2220 788 2272 vellet
802 2220 913 2281 tollere,
928 2233 1055 2292 tanquam
1070 2221 1168 2275 veteris
1183 2222 1228 2275 in·

36 2307 45 2320 ⁶
154 2303 326 2364 Ποππὺζιυσι.
347 2302 419 2354 Τιιιιι
440 2301 572 2371 interpres
587 2299 669 2357 bato:
709 2297 1004 2366 stitutistudiosus,ad
1016 2300 1082 2353 boni
1096 2299 1228 2356 demonis

154 2382 206 2442 tto<
226 2381 273 2453 γὰρ
291 2385 346 2442 ταῖς
370 2381 496 2451 manci<
519 2381 667 2441 conallus.
708 2380 837 2450 poculum
860 2378 984 2433 invitarit
1020 2379 1095 2432 Vics.
1120 2380 1169 2435 lib.
1192 2382 1226 2440 1.

154 2461 237 2526 Quasi
253 2461 396 2532 complosis
413 2459 536 2512 manibus
549 2459 584 2513 ad
600 2458 668 2513 deli·
708 2476 766 2530 cap.
785 2478 809 2512 1.
824 2458 928 2512 Danao.

154 2540 285 2593 uieudum
297 2541 401 2592 iovem.
416 2541 506 2592 Harn.
749 2540 794 2591 28.
816 2536 896 2590 Servii
910 2536 1012 2608 Saluuii
1022 2539 1156 2609 principis,
1172 2553 1226 2595 etc.

198 2617 504 2688 ablnceuds'cltaReg«
520 2620 666 2690 mitileg.
708 2616 791 2682 Quod
817 2636 850 2670 ex
882 2617 969 2671 Servii
998 2619 1227 2675 commentatione

157 2712 213 2752 aet
225 2699 278 2753 Ch.
295 2700 338 2752 sab
352 2718 463 2751 mensam.
481 2701 517 2751 At
530 2716 586 2750 non
600 2715 668 2770 aqua
708 2696 790 2750 tradit
808 2697 923 2761 Plinius,
945 2697 1061 2766 Scaliger
1081 2697 1156 2769 apud
1174 2699 1227 2753 Fe·

154 2781 261 2845 solum,
284 2778 329 2832 sed
355 2795 431 2832 merc
454 2778 533 2832 οιὶιιιι
555 2779 667 2849 profuso
707 2790 798 2840 stum,
820 2777 849 2829 in
874 2794 959 2840 voce,
982 2775 1077 2832 Mauso,
1095 2781 1226 2848 migrare,

153 2858 287 2913 incendiis
307 2877 448 2914 occurrere
461 2877 516 2910 aeae
533 2857 668 2928 significa·
706 2855 821 2927 intelligi
833 2857 890 2908 vult
909 2854 945 2908 de
957 2856 1054 2909 mensis
1071 2857 1102 2910 iu
1116 2860 1227 2930 templis

153 2939 226 2993 baut.
243 2941 351 2993 Peteon.
372 2939 400 2991 in
420 2939 515 3010 fragm.
538 2938 590 2990 Sat,
608 2956 666 3009 pag.
707 2938 826 2989 Deorum
843 2935 951 3007 positis,
965 2953 1045 3007 super
1065 2937 1163 3008 quibus
1181 2957 1225 2992 as.

156 3036 226 3088 ²79²
245 3046 256 3068 ι
268 3020 332 3073 Huc
345 3018 450 3073 dicente
463 3036 496 3070 eo
514 3017 599 3088 gallus
611 3018 666 3089 gal·
707 3016 810 3070 orificio
818 3015 1119 3086 peractocpulabsntur.
1125 3017 1224 3074 Oratio

152 3097 271 3152 linaceus
286 3100 419 3155 cantavit:
434 3117 487 3168 qua
498 3115 565 3151 voce
575 3097 668 3151 conlu-
707 3109 795 3150 tamen
804 3095 883 3148 Plinii
892 3108 1011 3167 spectare
1017 3097 1107 3166 potius
1115 3096 1225 3153 videtur

153 3178 537 3247 snsTrimalchio,vinumsub
547 3196 665 3231 mensam
707 3174 742 3229 ad
760 3175 987 3247 privatasepulas.
1005 3175 1105 3228 Marsas
1118 3177 1165 3230 bic
1177 3197 1225 3232 ac·

150 3258 227 3327 jussit
240 3256 363 3318 ouandi,
380 3259 569 3327 lucernamque
583 3258 663 3309 etiem
708 3257 799 3327 cipio,
817 3254 1022 3327 quadram‚=cui
1042 3257 1186 3310 obsonium
1207 3277 1224 3313 e

152 3353 227 3390 mero
242 3339 348 3408 spargi:
363 3338 419 3391 imo
434 3337 544 3390 anulum
560 3336 664 3408 trajecit
707 3336 783 3390 lance
796 3349 822 3389 et
836 3336 927 3407 patina
943 3346 1079 3405 sumptum
1100 3337 1225 3408 impone·

153 3416 180 3469 in
198 3415 333 3470 dexteram
348 3435 456 3469 manum
470 3435 477 3469 :
492 3428 519 3468 et
532 3417 594 3469 Nou
607 3415 665 3468 sine
707 3416 790 3479 bant,
816 3434 846 3468 ac
871 3413 1012 3467 frustatim¹
1026 3415 1223 3482 concidebant,

151 3514 244 3562 causa,
255 3497 360 3568 inquit,
374 3496 419 3548 hio
430 3497 545 3549 hucciuo
558 3495 662 3567 signum
707 3509 737 3549 ut
748 3492 875 3548 mundius
888 3507 914 3546 et
927 3493 1094 3547 commodius
1108 3496 1223 3551 mandu-

151 3575 246 3630 dedit:
259 3594 322 3629 nam
334 3588 381 3628 aut
394 3575 546 3628 incendium
558 3588 664 3647 oportet
708 3589 820 3629 carent:
838 3574 919 3645 stigo
936 3576 1085 3637 trarclsoirs,
1104 3581 1222 3633 assiettes.

150 3655 213 3721 flat,
226 3669 272 3709 aut
285 3656 380 3728 aliquis
393 3656 422 3708 in
433 3655 531 3708 vicinia
541 3657 663 3709 animum
707 3656 745 3709 Ea
753 3656 851 3709 fiebant
863 3673 896 3707 ex
906 3667 1032 3724 argento,
1046 3672 1108 3720 mre,
1116 3669 1223 3723 stanno,

150 3737 265 3806 abjiciat.
279 3739 396 3807 Longea
412 3735 583 3799 uobis,etc.·
598 3737 662 3790 llao
707 3749 733 3789 et
757 3736 809 3789 alia
832 3732 964 3806 ejusmodi
992 3734 1120 3798 materia,
1145 3738 1224 3809 panis

149 3814 258 3871 ridetur
286 3817 366 3870 luisse
395 3813 588 3878 abominandi,
615 3835 662 3869 seu
707 3817 781 3870 velut
802 3815 884 3867 abaco
904 3811 1094 3883 superaddito,
1111 3815 1223 3886 quiob·

149 3892 310 3968 deprecandi
324 3894 441 3949 iuoendii
456 3894 579 3947 formula.
594 3897 629 3949 Η.
706 3895 845 3949 sociorum
875 3893 975 3965 pingue
1006 3895 1165 3966 exciperet,
1194 3911 1221 3949 et

191 3977 360 4046 audissem
368 3975 659 4045 oelrspasitorimutolli
706 3994 786 4046 quem
799 3991 917 4028 comeme
935 3972 1087 4028 ominosum
1107 3975 1176 4039 fuit,
1190 3989 1222 4029 nt
