2700 4800
193 392 215 474 l,
463 387 502 454 C.
529 386 697 456 PLlNll
722 385 832 454 NAT.
859 387 990 455 HIST.

189 518 374 597 comitiales
400 503 546 588 mo'rbi’:
579 517 668 611 quod
697 533 853 612 spectare.
878 518 1035 629 facientes
1043 504 1058 577 ³.
1082 519 1117 587 in
1144 519 1260 592 eadem

192 678 220 731 in
235 677 315 750 Apol.
330 694 388 747 cap.
406 693 460 730 so:
483 675 571 726 diem
586 673 641 736 illi,
657 674 704 746 qui
741 662 852 747 inquit,
869 674 897 727 id
913 688 968 741 est,
983 676 1110 730 comitiali
1127 678 1198 732 malo
1212 678 1262 733 ad·

191 776 302 811 munere
315 757 344 808 in
356 772 436 808 arena
446 753 588 806 noxiorum
600 754 704 825 jugula·
749 756 828 820 fecti,
850 757 1005 826 sauguinem
1031 774 1140 828 quoque
1164 756 1265 812 bibunt

159 887 162 891 .
191 850 282 891 torum
300 835 453 905 sauguinem
473 844 607 887 recentem
626 832 704 886 avida
747 833 945 904 gladiatorum,
968 847 1096 906 tauquam
1121 837 1263 906 jssasstibsss

190 917 233 969 siti
245 910 374 987 comitiali
392 913 491 965 morbo
506 911 640 966 medentes
655 932 704 966 au·
744 914 852 984 poculis,
867 911 992 968 adversus
1006 917 1063 984 ejus
1082 916 1172 968 morbi
1192 915 1261 970 diri·

191 996 293 1056 ferunt,
309 991 472 1047 ubisunst·
489 991 533 1046 Sic
544 993 621 1045 etiarn
636 993 703 1048 Cel.
748 1004 841 1047 tatem.
854 992 981 1047 Gaorsov.
1007 1025 1047 1037 -
1064 994 1192 1048 Viventis
1210 1015 1262 1068 po·

190 1073 326 1127 Aurelian.
350 1073 383 1127 L.
405 1071 507 1125 Chrnn.
528 1089 587 1143 oap.
611 1078 646 1137 4,
669 1072 704 1126 de
749 1072 809 1125 cula
820 1072 931 1143 eleganti
944 1072 1116 1127 translatione
1126 1086 1203 1147 vocat
1215 1093 1262 1139 ea,

190 1153 327 1225 epilepsia.
353 1151 445 1206 Simile
464 1148 536 1203 istud
556 1151 705 1205 remedium
748 1169 808 1222 quse
822 1153 955 1205 calentem
970 1150 1058 1206 adhuc
1070 1165 1098 1207 et
1113 1156 1188 1223 quasi
1208 1155 1263 1226 spi·

190 1245 245 1298 cst,
259 1229 331 1304 quod
351 1229 472 1284 Scribon.
491 1230 592 1301 Largus
606 1232 703 1297 effert,
748 1243 851 1284 rantem
879 1233 1034 1304 sanguinem
1063 1232 1261 1288 continerent:

191 1314 281 1384 comp.
298 1313 353 1364 rt:
370 1310 459 1362 «Item
473 1326 505 1361 ex
518 1310 636 1380 jecinore
651 1311 705 1382 gla·
748 1307 822 1383 quod
846 1322 873 1364 et
894 1309 992 1364 babere
1017 1311 1045 1363 in
1067 1329 1095 1363 se
1116 1312 1217 1379 vitam,
1235 1325 1263 1367 et

190 1387 416 1462 diatorisjugulati
424 1388 705 1461 particulamaliquam
747 1405 872 1461 prestare
896 1390 1082 1444 haurientibus
1103 1409 1161 1444 eam
1185 1391 1262 1446 vide·

191 1473 284 1524 novies
303 1469 392 1522 datam
407 1481 571 1523 consumant.
586 1468 705 1540 Quaque
748 1470 864 1523 bantur:
875 1470 955 1540 plane
970 1483 1000 1523 ut
1011 1471 1127 1523 animam
1137 1471 1224 1542 ipsam
1234 1485 1262 1525 et

191 1549 310 1622 ejusdem
321 1547 426 1620 generis
437 1542 517 1612 sunt,
532 1547 705 1601 extramedi·
748 1549 859 1602 salutem
881 1549 985 1602 sorberi
1000 1550 1028 1602 in
1044 1550 1108 1621 ipsis
1130 1549 1260 1605 crederes.
1323 1558 1342 1574 ‘·

190 1631 259 1682 eine
271 1627 463 1700 professionem
478 1624 595 1691 cadunt,
609 1645 705 1698 quam·
752 1628 872 1680 llisentib.
894 1628 939 1682 Sic
969 1625 1032 1681 libri
1060 1648 1170 1694 omnes,
1202 1642 1261 1683 tum

189 1709 232 1763 ,ris
238 1709 370 1781 proluisse
379 1704 539 1778 quibusdam
547 1706 603 1761 risa
613 1720 700 1761 sunt.-
747 1706 814 1761 editi
823 1749 831 1771 ,
840 1720 898 1760 tum
908 1708 1006 1761 exarati
1018 1727 1109 1776 manu,
1117 1728 1184 1781 quos
1194 1709 1262 1776 vidi,

191 1790 285 1843 titan.
748 1797 869 1859 quosque
878 1807 933 1841 non
944 1785 1010 1841 ridi.
1020 1788 1119 1842 Eadem
1131 1790 1260 1843 sententia

234 1889 259 1922 a.
278 1865 454 1922 Utoisentibus
466 1867 560 1937 poculis
574 1865 705 1918 comitiales
749 1866 818 1920 dixit
842 1864 914 1920 idem
940 1867 1020 1938 paulo
1044 1880 1106 1921 ante
1134 1867 1259 1930 Plinius:

192 1950 277 2001 morbi.
294 1945 474 2020 Apographon
491 1959 631 2013 nostrum,
650 1972 661 1992 ι
676 1958 706 1998 ut
753 1973 764 1994 ι
774 1962 825 2000 nec
846 1946 992 2000 tacebimus
1008 1942 1075 2018 quid
1089 1947 1118 1999 in
1139 1947 1197 2019 ipso
1211 1947 1261 2001 bo·

191 2028 346 2081 bibentibus
355 2026 464 2098 populis
477 2025 622 2079 comitiales
632 2043 705 2079 mor·
749 2026 823 2080 mine
831 2026 1045 2098 prorit'bomini,
1057 2039 1205 2099 ceteraque
1214 2046 1261 2099 ge·

191 2108 221 2161 bi
234 2134 258 2161 ι.
275 2104 432 2178 Legendnm
447 2122 527 2179 reor,
545 2132 556 2153 ι
567 2118 597 2158 ut
609 2105 704 2175 procul
748 2123 814 2163 nera
824 2105 1006 2159 remediorum
1022 2106 1092 2159 inter
1103 2125 1152 2159 nos
1168 2108 1262 2160 risen·

191 2184 247 2241 siut
262 2185 409 2241 comitiales
422 2184 510 2237 morbi
523 2209 534 2232 ι
548 2203 632 2237 :nam
644 2203 705 2237 ver·
748 2184 795 2239 tia.
806 2210 817 2232 ι
832 2185 913 2250 Quod
924 2185 971 2256 qui
980 2204 1033 2238 non
1040 2183 1260 2246 animadvertere,

191 2268 257 2321 bum
276 2265 423 2329 bibentibus,
440 2263 601 2333 glossulam,
617 2277 648 2318 nt
662 2261 705 2316 di·
747 2263 879 2320 basroees
886 2265 966 2318 variis
973 2264 1060 2318 modis
1070 2265 1260 2321 sollicitarunt:

192 2358 274 2412 cunt,
302 2343 495 2399 interlinealem
523 2343 602 2399 fnisse
627 2355 704 2415 puto.
749 2343 889 2398 Pintianus
902 2344 998 2398 extrita
1015 2363 1042 2396 v.
1056 2345 1257 2398 niventibus..

191 2426 274 2480 Prrr.
287 2455 327 2468 -
338 2425 377 2477 {lt
390 2422 521 2476 uisentibus
528 2423 627 2493 poculis
634 2426 706 2476 comi·
749 2423 920 2489 Gronovius,
939 2448 951 2471 ι
964 2436 994 2478 ut
1005 2423 1161 2495 jurantibus
1177 2440 1260 2496 pocu-

192 2508 262 2558 ricles
284 2503 369 2557 morbi.
389 2502 434 2555 Sic
454 2501 607 2565 Gelenius„
619 2520 704 2574 quum
748 2503 802 2555 lis·
820 2504 886 2557 :ille
899 2501 1024 2557 audacius
1036 2504 1130 2574 paulo:
1140 2504 1262 2574 ingenio-

191 2585 335 2640 ederetur:
353 2609 365 2630 .
377 2594 406 2635 ut
422 2581 576 2634 bibentibus
597 2583 706 2653 populis
749 2583 803 2636 aius
811 2581 873 2647 iste,
882 2600 963 2655 quam
975 2582 1071 2637 verius.
1088 2581 1165 2636 Adde
1179 2583 1220 2636 his
1231 2603 1262 2638 ea

191 2665 290 2736 procul
313 2665 368 2717 sire
394 2660 541 2713 comitiales
568 2661 667 2714 morbi.
689 2686 700 2709 ι
747 2681 809 2735 qun
824 2661 940 2715 diximus
953 2664 982 2716 in
995 2676 1051 2716 not.
1064 2662 1209 2732 prioribus.
1223 2663 1260 2715 Η.

192 2745 334 2798 Pintianus
346 2737 454 2795 reddit:
473 2765 485 2787 e
498 2750 529 2793 ut
541 2740 636 2811 procul
652 2742 705 2794 sint
748 2742 862 2795 -Bene
870 2740 1158 2814 Harduiu.quauqunm
1170 2742 1197 2794 in
1208 2742 1262 2797 boe

191 2823 338 2878 comitiales
349 2819 454 2874 morbi·
469 2819 563 2873 extrito
577 2827 613 2892 τῷ
627 2820 707 2873 biben-
750 2820 864 2886 fallitur,
879 2820 952 2892 quod
975 2822 1071 2893 pocula
1093 2820 1178 2875 credit
1198 2841 1261 2875 cum

193 2904 255 2956 sibus
278 2921 285 2957 τ
309 2919 394 2976 quum
416 2899 445 2951 in
467 2898 566 2970 scripto
591 2901 707 2972 reperis·
750 2900 852 2971 cyathis
865 2901 1019 2973 συνώνυμον·
1037 2914 1064 2954 at
1078 2901 1107 2954 b.
1120 2901 1138 2954 l.
1152 2921 1261 2974 propo·

191 2996 248 3038 set:
265 3009 276 3031 ι
289 2997 320 3036 nt
336 2978 490 3034 bibentibus
504 2980 610 3052 populis
623 2980 706 3032 eomi-
749 2979 869 3033 tionibus
880 2979 1262 3054 sumendum,mejudice‚est.·

191 3064 266 3117 tiales
276 3060 365 3115 morbi
375 3086 387 3107 ι
398 3078 406 3115 r
417 3055 580 3131 quodetiam
591 3059 621 3112 in
632 3059 707 3113 chif-
749 3060 821 3130 Ergo
832 3059 894 3131 gall.
905 3074 979 3114 reste
993 3060 1086 3114 brisson
1096 3065 1202 3113 visere:
1212 3068 1260 3114 As.

191 3143 248 3196 det.
261 3152 392 3194 notatum.
406 3140 529 3203 Quatuor
543 3157 624 3209 penes
636 3157 704 3193 nos:
789 3139 815 3191 3.
830 3139 977 3211 Sanguinem
990 3152 1082 3213 quoqne
1095 3140 1260 3210 gladiatorum

195 3237 249 3276 ·ut
267 3220 420 3275 bibentibus
439 3217 534 3289 procul
549 3217 601 3269 sint
620 3218 704 3270 comi·
748 3218 846 3273 bibisset.
859 3259 886 3274 ..
910 3223 976 3293 qnod
997 3230 1103 3290 sperare
1122 3221 1261 3287 facientes,

192 3303 266 3357 tiales
291 3300 390 3353 morbi.
415 3323 427 3344 .
451 3295 702 3349 praestantissimus:
748 3310 799 3355 etc.
817 3300 883 3365 Quae
905 3301 1007 3353 Plinius
1027 3298 1190 3370 imprecatur
1208 3299 1261 3354 boe

195 3410 208 3431 a
221 3395 252 3434 ut
267 3381 418 3434 viventibus
433 3375 541 3448 populis
560 3376 705 3429 comitiales
748 3378 816 3444 loco,
823 3380 906 3449 possis
910 3381 970 3450 jure
980 3391 1026 3432 tuo
1032 3391 1124 3453 eontra
1131 3377 1261 3450 quosdam

192 3462 290 3516 morbi.
306 3486 317 3508 s
342 3456 490 3529 conjicio:
517 3480 529 3503 ι
549 3454 704 3525 sanguinem
748 3470 774 3509 et
802 3458 912 3529 nuperis
942 3458 1109 3530 temporibus
1140 3477 1260 3529 regerere

192 3559 300 3613 quoque
310 3538 485 3610 gladiatorum
496 3533 605 3597 bibunt,
620 3549 651 3588 ut
661 3539 705 3608 ju·
748 3537 796 3608 qui
815 3537 881 3589 salso
901 3537 1000 3592 medici
1020 3557 1117 3592 nomen
1137 3538 1188 3591 sihi
1207 3539 1260 3592 cir·

191 3621 316 3676 rantibus
329 3616 449 3691 poculis,
464 3613 609 3668 comitiales
631 3635 703 3668 mor·
748 3614 959 3682 cumdederuut,
982 3617 1046 3670 dum
1060 3618 1171 3688 jubent,
1192 3618 1260 3671 forte

191 3703 230 3755 bi.
243 3727 254 3749 ι
272 3702 392 3753 Fortasse
403 3710 538 3748 morosum
553 3693 642 3748 minus
655 3696 704 3748 ali·
747 3709 808 3768 post
817 3697 938 3762 Celsum,
948 3698 1151 3762 Tertullianum,
1160 3697 1261 3750 etScri·

191 3783 234 3835 cni
250 3780 400 3833 rideretur:
418 3800 429 3822 ι
443 3786 473 3825 ut
486 3773 637 3843 juvantibus
654 3793 704 3847 po·
747 3777 860 3829 botrium
874 3779 996 3847 Largum,
1009 3777 1163 3847 sangninem
1176 3778 1259 3830 bibie

190 3862 258 3915 culis
268 3857 412 3913 comitiales
422 3853 538 3905 morbos.
550 3878 561 3899 ι
576 3852 628 3906 Sed
642 3856 704 3926 quia
748 3874 814 3909 vena
828 3868 982 3918 exeuntem,
995 3858 1068 3928 quusi
1082 3857 1215 3928 epilepsim
1230 3856 1257 3912 id

190 3959 284 3993 omnes
304 3936 393 4007 scripti
412 3934 502 3986 issent
518 3939 554 4003 τῷ
571 3934 660 4000 morbi,
676 3948 703 3987 et
746 3935 875 3988 barbarie
885 3954 967 4006 genus
978 3935 1125 3989 medeatur.
1137 3934 1216 3988 Unde
1230 3935 1259 3987 id

189 4020 218 4074 id
240 4017 354 4073 dictioni
377 4012 458 4066 Plinii
477 4012 539 4064 satis
560 4014 700 4083 congruit,
746 4015 812 4067 falso
822 4013 961 4069 Ludovico
974 4017 1026 4068 XV
1039 4018 1094 4087 jam
1112 4016 1169 4069 seni
1187 4016 1259 4084 obje-

186 4099 256 4154 illud
281 4095 406 4170 praefero.
435 4092 574 4147 comitiales
605 4093 700 4156 morbi,
747 4108 818 4147 ctum
835 4115 849 4149 a
867 4096 1071 4150 criminantibus
1088 4097 1148 4151 tuit.
1163 4093 1216 4149 sed
1229 4093 1258 4147 id
