2700 4800
171 315 218 390 36
441 318 480 384 c.
508 301 674 385 enimi
699 316 809 385 uir.
835 317 964 386 msr.

169 478 233 548 qua
256 448 379 520 familia
394 448 520 544 legatus
536 453 676 544 Evagon
700 446 854 534 nomine,
875 477 894 520 a
915 448 1108 522 oonsulibus
1126 456 1246 527 Romae

168 563 202 627 in
215 557 340 627 dolium
358 557 563 651 serpentium
579 543 770 650 conjectus⁶
790 559 1014 654 experimenti
1030 583 1147 649 causa,
1176 565 1245 633 cir·

134 701 148 733 2
169 662 468 734 cummulcentibus
488 659 607 756 linguis
621 661 819 734 miraculum
835 663 1002 759 prebuit7.
1019 667 1158 761 Signum
1171 669 1245 761 ojus

68 794 71 800 ·
168 769 297 839 familiae
318 784 384 852 est,
415 770 442 837 si
472 767 573 838 modo
604 769 716 838 adhuc
745 769 864 855 durat,
895 773 1007 840 vernis
1035 773 1246 868 temporibus

166 877 281 948 odoris
294 877 397 945 virus.
420 878 529 970 Atque
544 900 659 944 eorum
676 876 779 944 sudor
798 901 931 971 quoque
946 875 1152 961 medebatur,
1176 907 1245 952 non

167 983 269 1057 modo
288 980 399 1052 saliva.
423 965 528 1052 Nam⁸
552 983 586 1051 in
605 981 711 1052 insula
728 981 794 1051 Nili
809 985 945 1076 Tentyri
960 999 1134 1054 nascentes
1150 1001 1246 1057 tanto

167 1104 246 1158 sunt
267 1086 444 1157 crocodilis
458 1089 599 1170 terrori,
615 1103 653 1157 ut
667 1113 786 1157 vocem
807 1113 939 1185 quoque
961 1115 1077 1159 eorum
1101 1091 1245 1188 fugiant.

168 1192 321 1265 Horum⁹
338 1195 487 1263 omnium
511 1218 671 1288 generum
698 1197 731 1264 in
751 1220 810 1265 sua
837 1199 1057 1291 repugnantia
1075 1199 1244 1271 interven·

169 1316 241 1371 tum
257 1326 391 1397 quoque
410 1300 535 1370 mederi
552 1315 684 1370 constat
701 1327 709 1369 :
731 1303 828 1371 sicuti
846 1304 1022 1396 aggravari
1036 1302 1177 1375 vulnera
1194 1309 1245 1376 in·

169 1410 271 1478 troitu
294 1432 430 1491 eorum,
456 1408 512 1501 qui
534 1430 693 1503 umquam
719 1407 843 1477 luerint
865 1410 1088 1504 serpentium,
1110 1415 1247 1484 canisve

168 1515 267 1585 dente
285 1513 363 1583 laesi.
384 1512 491 1583 lidem
515 1512 713 1608 gallinarum
737 1514 923 1596 incubitus‚
949 1540 1108 1610 pecorum
1138 1517 1244 1600 fetus,

167 1622 289 1691 abortu
304 1622 432 1706 vitiant
444 1621 591 1688 Tantum
612 1635 762 1690 remanet
783 1621 874 1689 virus
884 1618 919 1705 ¹⁰,
942 1621 1118 1717 excepto¹¹
1140 1625 1244 1696 semel

170 1804 304 1877 tioppido
317 1805 391 1876 paria
403 1804 491 1856 Varro
510 1801 684 1874 prodiderit,
727 1822 843 1876 quorum
859 1804 973 1876 imperio
984 1804 1013 1860 id
1030 1819 1181 1878 tentatum,
1194 1830 1246 1868 nec

168 1889 278 1959 ipseque
289 1880 408 1946 Plinius,
426 1883 496 1947 VII,
514 1902 543 1947 ²3
566 1883 600 1936 de
614 1885 683 1937 Paro
728 1898 848 1941 auctores
861 1885 1093 1941 anonumum.

169 1981 259 2022 umen
281 1965 367 2018 insula
391 1962 460 2016 nihil
482 1962 555 2035 apud
575 1977 684 2016 ceteros
769 1967 795 2018 8.
824 1964 890 2018 Nom
910 1969 936 2016 ir
956 1966 1036 2018 insuia
1056 1968 1113 2021 Nili
1141 1969 1248 2046 Tentyri

170 2047 314 2117 scriptores
329 2057 496 2114 compertum
512 2042 599 2095 adhuc
614 2045 683 2115 ejus·
728 2055 864 2108 ouantes,
874 2057 943 2096 tanto
955 2059 1023 2103 sunt,
1037 2059 1087 2101 ete.
1105 2048 1136 2102 In
1150 2064 1246 2106 nostro

169 2124 275 2181 cemodi
293 2135 342 2177 est.
363 2124 457 2194 Neque
479 2120 628 2194 quidquam
640 2120 684 2174 id·
729 2124 888 2195 exemplari,
898 2143 972 2176 mam
981 2125 1101 2186 ininsula
1111 2128 1166 2182 Nili
1175 2132 1247 2186 Teu·

170 2207 243 2259 circo
256 2221 341 2258 caum
360 2217 413 2268 eet,
430 2222 478 2256 cur
495 2202 609 2255 Plinium
631 2201 686 2255 Sal·
730 2203 1044 2274 lyricensostautosuut‚
1056 2219 1106 2260 eto.
1116 2234 1127 2254 ι
1139 2210 1246 2279 Scribo,

171 2286 269 2339 meiius
280 2285 307 2337 iu
321 2287 363 2354 jus
371 2295 462 2346 vocet,
473 2282 500 2334 iu
512 2283 646 2342 solinum,
656 2300 684 2352 p.
733 2283 821 2336 rilem
831 2284 858 2335 in
871 2283 956 2337 insula
966 2285 1174 2360 NiliTentyritu
1181 2308 1248 2360 geue

172 2367 229 2431 348
242 2385 250 2431 ;
265 2365 340 2435 quusi
356 2375 517 2432 preponere
531 2362 637 2427 Parios,
651 2359 685 2414 de
728 2374 804 2415 tanto
817 2375 895 2428 suut,
910 2376 960 2418 etc.
971 2390 982 2410 »
999 2365 1101 2418 Plinius
1115 2369 1246 2440 ipse,lib.

169 2446 269 2517 quibus
280 2444 383 2504 Varro,
398 2442 460 2494 Pari
469 2440 561 2494 insulae
584 2439 683 2495 incolas
729 2443 815 2505 v111,
833 2462 890 2514 cup.
905 2444 960 2499 aia
976 2470 987 2492 ι
1001 2445 1074 2509 Quin
1085 2459 1111 2500 et
1125 2466 1190 2519 gens
1207 2466 1248 2506 eet

170 2543 227 2578 esee
240 2523 382 2575 arbitratus
393 2521 538 2592 sit:quum
553 2519 582 2573 id
598 2540 631 2574 ex
641 2522 683 2575 vi·
728 2521 792 2574 huic
813 2523 910 2576 helluo
931 2523 1040 2578 adversa
1060 2526 1089 2578 iu
1104 2527 1164 2597 ipso
1181 2531 1247 2586 Nilo

171 2605 238 2657 iioeo
253 2615 355 2655 tantuin
367 2620 435 2665 uuo,
446 2601 489 2654 vel
501 2601 589 2654 forsan
599 2603 683 2655 altero
728 2601 887 2671 Tentyritae,
906 2604 939 2656 ab
954 2605 1038 2657 iueulu
1049 2606 1078 2657 in
1100 2626 1154 2678 qua
1169 2610 1248 2664 habi·

171 2681 319 2753 exemplari
335 2681 459 2750 colliget:
472 2691 499 2733 et
511 2680 568 2751 ipse
582 2680 684 2735 Plinius
728 2692 785 2734 taut
793 2683 950 2752 appellatu-
962 2684 1089 2737 Pun-
1097 2686 1248 2744 NmNtde

170 2762 205 2816 de
215 2761 293 2815 Pario
309 2760 477 2829 Hellesponti
492 2771 565 2813 recte
574 2778 683 2830 accepe-
728 2779 788 2831 que
796 2760 912 2817 diximus
920 2764 997 2829 VIII,
1010 2765 1057 2818 38.
1071 2767 1162 2821 Iliun.

169 2842 222 2906 rit,
242 2842 314 2905 vu,
337 2841 461 2910 proxime
485 2839 637 2910 appellato:
652 2858 682 2892 uc
769 2861 797 2910 9.
809 2842 904 2894 Horum
916 2848 1019 2896 omniurn
1034 2865 1149 2915 generum
1165 2853 1248 2903 ἑυνα

170 2921 287 2994 denique
297 2921 419 2991 Cyprum
427 2959 435 2984 ‚
443 2937 498 2972 uou
508 2919 683 2983 Purum‚libri
728 2926 1049 2990 repugnantiuirrteroerrturn
1057 2946 1148 2999 quoque
1155 2929 1248 2982 mederi

170 3004 259 3055 caeteri
273 3019 329 3072 prae
347 3019 373 3053 se
391 3000 492 3052 ferant:
503 2999 531 3051 iu
541 3017 593 3070 qua
606 3000 684 3053 exsti·
729 3002 1245 3063 commoverisuuiliorleotioe·Horum

170 3083 231 3135 tisee
242 3081 307 3133 olim
324 3078 487 3151 ejuscemodi
500 3069 638 3151 ὀφιογινιῖς
652 3097 685 3133 ex
729 3082 804 3134 omui
826 3082 914 3136 visua
936 3087 1139 3156 repurgautium
1163 3088 1247 3142 inter-

170 3161 361 3214 eoeimileveri
370 3158 487 3224 ridetur,
497 3159 571 3231 quod
579 3159 684 3231 Ophiu·
729 3173 857 3226 ventum,
869 3176 920 3217 etc.
938 3189 949 3211 ι
970 3166 1072 3218 Dauno.
1091 3168 1246 3223 -Horiure,

169 3260 197 3294 ea
209 3242 264 3312 ipse
278 3240 345 3292 olim
360 3240 549 3310 cognominata
563 3251 609 3296 eet,
619 3252 685 3292 testu
728 3238 857 3294 Homines
868 3242 965 3295 horum
978 3245 1099 3297 omnium
1113 3265 1245 3316 generum

170 3319 398 3381 Ovidiodlletum.
407 3320 445 3380 Χ,
457 3336 528 3388 229:
540 3320 617 3390 ·Ipsa
625 3337 685 3372 suas
729 3320 1080 3387 siinterveuerint,mederi
1088 3343 1133 3378 eos
1142 3341 1249 3382 constet

168 3403 249 3454 urbes
255 3398 498 3468 Ophiusuqueurva
511 3399 622 3469 parebit
635 3401 685 3452 De·
734 3425 746 3445 ·
755 3400 797 3452 vel
806 3403 861 3454 sola
871 3402 1160 3473 presentia‚demorsis
1170 3426 1183 3459 a
1194 3426 1249 3461 ser·

168 3500 257 3534 serere
266 3480 336 3532 alma
346 3479 448 3530 Venus.
459 3503 470 3524 ι
484 3479 577 3533 Hero.
729 3481 871 3549 pentibus,
881 3507 892 3527 ι
903 3480 1001 3553 quibus
1013 3482 1196 3539 adversentur.
1209 3488 1247 3544 Il.

210 3564 237 3612 6.
251 3561 283 3612 Iu
293 3559 386 3610 dodum
396 3562 539 3627 serpentium
554 3561 684 3626 conjectus.
775 3577 816 3612 so.
833 3561 940 3613 Teutone
952 3577 1059 3615 remam
1068 3569 1137 3616 virus
1147 3580 1248 3638 exeepto

168 3641 247 3693 Voss.
255 3643 280 3692 ia
287 3638 398 3690 nidulum
406 3640 556 3706 serpentium.
567 3637 684 3704 Quidum
729 3639 802 3690 semet
810 3642 881 3695 malo.
892 3641 1001 3696 Scribo:
1012 3670 1024 3691 ι
1035 3645 1151 3698 Tantum
1163 3665 1249 3701 reme-

168 3740 203 3772 m.
220 3739 247 3791 p.
264 3723 290 3770 irs
302 3718 394 3771 domne.
406 3716 533 3770 Gnouov.
729 3731 776 3772 net
789 3720 863 3774 virus
871 3739 903 3774 ex
914 3735 1024 3792 accepto
1038 3724 1118 3777 semel
1132 3728 1203 3780 melo
1212 3760 1221 3784 ‚
1231 3755 1243 3778 ι

208 3819 235 3868 7.
271 3799 314 3850 Ee
338 3817 388 3869 quo
407 3798 507 3864 familie
531 3797 678 3866 legatus-.-
729 3818 761 3851 ex
772 3801 884 3872 antiquo
896 3802 1176 3874 exemplari‚etpsulo
1184 3821 1248 3879 post

167 3879 309 3931 mumdum
326 3877 440 3948 prebuit.
462 3874 615 3929 Doleudum
645 3890 684 3932 est
729 3884 843 3950 aspergi,
856 3899 910 3932 nou
926 3885 1039 3953 inspergi.
1054 3885 1157 3938 Dieuc.

165 3959 245 4013 nobie
255 3957 329 4028 quod
345 3975 395 4011 neo
407 3957 683 4026 consulaeignarerit
775 3978 819 4014 rr.
834 3961 954 4030 Empe.
977 3963 1017 4015 Ex
1032 3976 1142 4033 accepto
1163 3968 1246 4023 semet
