2700 4800
228 339 274 419 Aa
499 341 538 406 C.
565 340 740 409 PLlNll
765 339 873 406 NAT.
901 338 1029 405 HIST.
1141 388 1143 393 ,

228 469 304 538 dit:
330 471 408 537 item
434 470 588 553 rubetas,
615 468 762 565 aliasque
786 492 910 539 ranas:
930 468 1081 564 Opilius,
1102 485 1299 564 serpentes,

229 573 362 669 si¹⁹quis
376 575 551 644 inhiatum
567 601 681 645 earum
693 591 843 671 exspuat.
857 573 993 670 Salpe²⁰,
999 590 1170 670 torporem
1188 574 1299 645 sedari

227 706 440 776 quocumque
451 682 602 752 membro
614 685 821 778 instupente,
835 684 862 751 si
877 684 951 776 quis
959 683 995 752 in
1009 683 1119 751 sinum
1133 696 1297 776 exspuat:

193 800 209 858 t
229 790 336 860 autri
369 789 521 882 superior
545 788 719 884 palpebra*
736 789 839 860 saliva
862 803 1027 883 tangatur.
1058 786 1129 857 Nos
1153 790 1181 857 si
1205 789 1299 875 hoec,

228 908 263 961 et
283 891 338 962 illa
356 893 531 965 credamus
553 897 615 965 rite
633 894 739 965 fieri²¹
759 923 767 965 :
788 897 936 964 extranei
952 895 1161 979 interventu,
1181 894 1300 967 autsi

219 998 397 1069 ‘dormiens
428 1014 596 1094 spectetur
632 1003 758 1091 infans,
788 1025 808 1070 a
838 1004 968 1071 nutrice
998 997 1123 1070 terua²²
1148 999 1297 1096 adspui:

225 1166 325 1232 lianus,
337 1168 397 1222 llist
409 1169 498 1222 Anim.
510 1171 560 1235 IV,
573 1190 607 1223 ss
618 1210 626 1237 ,
638 1185 665 1226 et
674 1172 739 1239 VII,
787 1170 883 1224 damus
897 1191 959 1243 ergo
974 1184 1001 1225 et
1015 1171 1132 1225 lichenas
1143 1170 1300 1243 leprasque,

230 1250 277 1301 sti.
290 1247 381 1302 lituo.
786 1264 854 1305 etc.»
868 1251 937 1305 Huic
950 1250 1108 1324 respondes,
1119 1255 1153 1302 eis
1167 1244 1300 1320 (biarcio-

271 1344 317 1395 19.
330 1325 368 1382 Si.
380 1327 451 1381 Vide
462 1328 556 1388 Galen,
577 1328 611 1382 de
625 1331 739 1402 simplici
785 1331 829 1398 ni,
842 1331 950 1402 Opilio,
962 1323 1064 1402 Salpe)
1084 1331 1136 1383 ltoee
1155 1331 1300 1395 credemus,

227 1406 301 1459 Med.
314 1408 365 1462 fac.
376 1409 414 1470 X,
431 1427 491 1480 pag.
509 1411 574 1464 288.
592 1409 679 1464 Salira
689 1411 739 1463 bo·
785 1424 812 1463 et
826 1410 900 1483 quod
915 1410 1115 1483 sequitur.liios
1134 1422 1199 1481 puta
1210 1410 1301 1487 inlan-

227 1486 307 1539 ruinis
316 1487 481 1558 scorpionem
488 1489 741 1559 obtorpescerescri·
786 1501 842 1551 tes,
865 1510 932 1562 quos
947 1488 1102 1562 adspuendo
1117 1501 1192 1543 terna
1215 1488 1301 1543 tutari

227 1567 267 1619 bit
278 1566 414 1633 AEliauus,
436 1568 504 1621 ilist.
521 1569 613 1622 Auito.
631 1572 687 1633 1x,
705 1577 739 1634 43
785 1570 880 1623 volunt
894 1570 1026 1633 nutrices,
1042 1571 1157 1639 religione
1173 1580 1301 1621 saturaret

227 1647 337 1703 interire
347 1648 469 1718 viperam
483 1646 556 1701 idem
568 1649 637 1704 Hist.
647 1649 738 1702 Anien.
786 1649 917 1716 Fuscinas,
930 1651 1006 1720 cujus
1016 1650 1119 1720 insigne
1131 1648 1301 1713 amuletum,

228 1726 271 1791 11,
288 1734 333 1793 aq.
347 1725 441 1781 Haau.
786 1748 944 1800 suspensum
957 1749 972 1782 e
983 1729 1051 1782 collo
1069 1728 1204 1798 gerebant.
1215 1728 1302 1781 Iubet·

271 1826 316 1860 ao.
329 1805 416 1879 Salpe·
429 1841 457 1855 ··
474 1827 496 1859 st
506 1812 559 1878 qais
570 1811 595 1860 io
611 1812 689 1861 sinunt
699 1830 741 1861 es·
786 1810 930 1881 queeosdera
936 1808 1126 1878 reeiprereetium
1142 1808 1300 1871 Vossianus,

226 1887 419 1955 spuat.Veteres
431 1888 458 1940 in
469 1887 556 1940 sinum
565 1889 741 1959 exspuebant,
785 1889 969 1961 Jobauuisque
981 1886 1078 1941 Audrae
1088 1899 1114 1940 et
1124 1887 1300 1941 banosectttn

227 1963 256 2018 id
270 1966 320 2019 rati
333 1980 424 2020 contre
435 1967 631 2020 incantamenta
643 1969 739 2022 valere.
787 1967 989 2022 editiones:sed
997 1986 1077 2040 quem
1088 1985 1192 2020 sensum
1204 1984 1300 2023 eorum

226 2045 401 2112 Theocritus,
417 2047 468 2100 boc
480 2045 553 2119 quod
564 2066 644 2118 supra
658 2047 740 2101 mindo
786 2049 891 2119 lingunt
904 2050 989 2102 Turn.
997 2060 1023 2101 et
1034 2047 1127 2104 Delec.
1138 2045 1221 2112 nulli,
1237 2047 1300 2119 opi·

226 2123 396 2180 laudavimus
405 2126 503 2199 Idyllio
515 2128 557 2181 11:
572 2128 623 2198 τρὶς
635 2128 667 2188 εἰς
683 2130 740 2199 ipis
785 2147 852 2192 nor,
870 2146 934 2181 sano
951 2127 1126 2198 probaverint
1147 2121 1214 2188 (vid.
1234 2122 1299 2190 abl:

227 2206 326 2260 irrues
354 2209 454 2265 κόλπον.
479 2205 531 2261 sed
554 2225 641 2278 neque
668 2206 696 2260 id
726 2227 741 2262 e
787 2222 813 2260 et
826 2208 979 2279 frequenter
997 2208 1054 2261 hac
1068 2205 1123 2259 duo
1138 2205 1220 2259 verba
1234 2224 1301 2260 oon·

227 2303 292 2338 vero
305 2299 353 2339 est.
364 2290 411 2339 Aa.
787 2286 885 2341 fudisse
897 2288 1021 2340 librarios
1036 2285 1244 2339 observavimus.
1252 2285 1302 2340 1²·-

269 2384 314 2417 al.
326 2366 378 2418 Nos
389 2370 411 2417 si
420 2368 471 2417 ltoec
480 2377 504 2416 et
512 2366 556 2417 illo
566 2367 741 2419 credemusrt'to
786 2368 874 2420 scions
896 2381 983 2421 autem
1007 2367 1057 2420 sub
1074 2385 1166 2419 curru·
1179 2363 1302 2436 pendens

221 2441 289 2511 fieri.
305 2445 406 2498 Omnes
425 2445 567 2518 quinque:
588 2447 662 2500 «Eos
683 2447 741 2500 haec
784 2448 878 2518 jubere
902 2448 958 2501 sive
983 2451 1084 2516 recipere
1105 2446 1160 2499 sire
1185 2449 1301 2516 respicere

228 2520 368 2577 credamus
394 2525 445 2578 rite
470 2526 581 2577 extremi
611 2528 739 2582 extranei.
785 2524 1013 2597 quemadmodum
1036 2523 1302 2599 potestdiciiAtsi·

228 2602 355 2656 Tomi.»
372 2604 739 2677 ·Etitts,fieri,·nusquam.
786 2608 849 2659 milis
869 2607 980 2660 Fascino
1005 2605 1121 2658 medicina
1140 2607 1250 2675 lingua,
1270 2604 1302 2659 id

228 2682 332 2737 Deinde
347 2684 481 2755 optimus:
494 2707 505 2727 ι
514 2703 665 2756 quanquam
680 2686 741 2738 illos
786 2699 840 2751 est,
855 2705 946 2739 servus
958 2686 1100 2756 publicus,
1115 2685 1182 2738 alter
1190 2683 1302 2739 invidias

227 2762 360 2835 religione
383 2778 528 2817 mutuatur.
548 2790 559 2812 ι
587 2766 675 2818 Locus
700 2778 740 2819 est
785 2758 1299 2837 medicus(quiportatureodemcurru,

227 2846 348 2915 egregius
366 2857 393 2896 et
408 2843 505 2917 diguus
525 2864 604 2916 quem
620 2862 740 2916 assequa-
786 2858 812 2898 et
823 2844 969 2898 identidem
984 2846 1068 2909 canit,
1084 2848 1172 2915 respice
1188 2842 1302 2916 postte)

228 2943 295 2977 mur.
308 2923 390 2989 Quod
404 2925 442 2977 sic
454 2926 600 2977 tentabam:
614 2926 673 2977 ⁸Eis
683 2926 740 2978 baec
785 2944 871 2997 quum
884 2923 985 2977 ibidem
999 2925 1033 2977 sit
1045 2921 1132 2978 tutos
1148 2936 1174 2976 et
1187 2926 1301 2996 μάστιξ,

228 3002 383 3060 credamus:
393 3005 458 3058 item
474 3006 592 3059 extranei
604 3005 740 3058 interven·
785 3006 993 3058 instrumentum
1005 3004 1148 3066 carnificis,
1161 3003 1301 3076 quomodo

228 3094 271 3148 tu,
287 3098 332 3137 aut
351 3085 374 3138 si
397 3084 533 3138 dormiens
554 3098 687 3156 spectetur
697 3085 740 3139 in·
782 3086 875 3156 jubeat
887 3085 1083 3157 triumphantes
1096 3105 1112 3135 a
1122 3096 1190 3154 tergo
1200 3088 1302 3156 respice·

228 3162 742 3235 faus,unutricetcrnnadspui.Quan·
786 3184 811 3216 re
833 3163 989 3235 carnificem,
1007 3163 1086 3218 facile
1110 3163 1178 3217 mihi
1203 3182 1302 3236 capere

227 3260 308 3312 quum
319 3243 379 3295 illos
391 3245 519 3315 religione
532 3257 637 3297 tutatur
652 3258 680 3298 et
690 3245 711 3296 F
712 3264 739 3295 a·
784 3245 886 3299 videor.
907 3245 1009 3297 Mirum
1024 3255 1125 3300 autem,
1142 3244 1170 3296 in
1183 3257 1302 3315 quatuor

228 3321 329 3388 sciuus,
341 3323 532 3394 imperatorum
548 3343 670 3395 quoque,
685 3344 739 3377 uon
784 3324 864 3379 codd.
879 3323 1000 3379 eamdem
1016 3322 1135 3375 lacunam
1149 3323 1302 3378 continenti

227 3401 315 3454 solum
338 3402 480 3455 infantium
494 3416 601 3459 custos:
615 3404 662 3476 qui
674 3403 740 3457 deus
784 3407 916 3476 scriptura
929 3401 1097 3456 dissimulari.
1107 3403 1230 3458 Siceuim
1240 3422 1302 3458 om·

227 3482 297 3534 iuter
310 3500 383 3535 sacra
389 3501 499 3537 romana
511 3504 524 3536 a
536 3485 688 3538 Vestalibus
696 3503 741 3537 oo·
783 3504 831 3537 nes
852 3495 949 3556 preter
974 3483 1121 3555 optimum:
1136 3506 1147 3527 ι
1157 3483 1209 3556 qui
1226 3484 1302 3538 Deus

227 3561 311 3626 litur;
334 3573 361 3614 et
383 3580 477 3614 currus
497 3564 738 3635 triumphantium,
783 3565 853 3617 inter
876 3581 966 3634 sagora
994 3562 1087 3617 eadem
1115 3563 1302 3634 strigmentaa

226 3641 277 3693 sub
292 3640 334 3693 bis
343 3640 476 3713 pendens,
490 3640 607 3697 defendit
618 3643 738 3698 medicus
782 3643 885 3697 balneis
900 3656 927 3697 et
937 3643 999 3696 ideo
1012 3645 1123 3696 miscent
1138 3654 1304 3719 suppurato-¹

226 3719 349 3773 invidiae:
358 3722 487 3794 jubetque
494 3721 600 3776 eosdem
607 3725 739 3795 respicere
782 3724 839 3791 riis,
849 3738 899 3778 etc.
909 3750 920 3771 2
930 3722 1019 3776 Media
1031 3721 1128 3776 desint.
1137 3720 1220 3776 boati.
1228 3723 1303 3777 inter

226 3799 319 3853 similia
332 3799 461 3855 medicina
474 3802 585 3873 linguar,
599 3816 629 3857 ut
645 3806 679 3858 sit
693 3824 738 3857 ex·
782 3826 853 3857 sucre
864 3805 946 3857 eadem
961 3806 1109 3871 strigmenta.
1128 3803 1258 3857 Gronov.

225 3893 302 3934 orate
315 3880 432 3935 Fortuna
446 3883 574 3953 gloriae,a
591 3895 666 3954 tergo
680 3903 738 3937 car·
824 3906 868 3938 22.
883 3885 1033 3937 Terna.Ter
1043 3881 1136 3954 adspui
1151 3901 1212 3935 cum
1221 3896 1301 3937 terna

224 3961 363 4015 silicem.-
383 3962 491 4016 Dixerat
502 3963 625 4034 superius
633 3964 645 4017 ?
654 3967 736 4019 ·Crc·
783 3964 943 4036 precatione.
961 3963 1005 4016 Sic
1017 3963 1098 4035 paulo
1113 3975 1189 4028 ante,
1201 3978 1213 4008 t
1224 3975 1301 4019 terne
